3181 4990
778 431 903 494 IN
937 431 1065 496 LA
1086 431 1265 495 TIN
1300 430 1752 497 ELEGIAC
1809 430 2149 496 VERSE.

538 624 937 691 Frondosum
964 630 1327 709 repetemus
1348 624 1475 689 iter
1500 624 1871 709 viridesque
1900 644 2203 700 recessus,

637 736 780 814 Qua
808 744 924 802 tua
950 759 1079 803 vox
1107 736 1391 821 primum
1420 736 1678 803 rettulit
1705 737 1884 802 istud
1915 744 1949 771 “
1963 737 2188 803 Am0.”

532 848 675 914 Nec
701 870 893 927 mora,
921 870 1076 914 mox
1102 855 1272 915 totos
1300 850 1487 915 nobis
1514 870 1659 915 rosa
1683 849 1930 933 pandet
1956 850 2246 927 honores,

638 947 969 1046 Quotquot
996 963 1243 1028 sollerti
1271 964 1510 1047 fingere
1538 967 1760 1027 mente
1788 962 1984 1027 licet:

538 1072 698 1139 Plus
727 1075 915 1141 solito
942 1076 1225 1159 pretiosa
1252 1075 1439 1141 venit
1466 1074 1637 1139 mihi
1667 1095 1939 1158 quaeque
1967 1074 2286 1159 voluptas,

634 1187 737 1253 Sis
764 1188 955 1253 modo
983 1188 1233 1254 laetitiae
1258 1208 1425 1273 pars,
1458 1187 1745 1264 Galatea,
1775 1208 1950 1253 meae.

1036 1444 1549 1511 EXERCISE
1613 1444 1900 1508 XXXI.

538 1598 737 1663 Haud
764 1620 959 1684 pecus
989 1605 1087 1665 est
1114 1600 1288 1687 quod
1315 1622 1447 1665 non
1477 1621 1716 1685 agnum
1745 1600 2063 1667 desideret
2092 1620 2314 1677 unum,

633 1713 768 1777 Sub
797 1713 986 1798 vigili
1016 1714 1312 1797 quamvis
1341 1733 1580 1797 pascua
1607 1719 1819 1778 mutet
1847 1714 1999 1778 hero
2027 1738 2041 1777 ε

2441 445 2516 511 55

532 1823 729 1889 Haud
756 1825 983 1889 domus
1014 1832 1129 1902 est,
1158 1846 1557 1908 quaecunque
1585 1825 1754 1889 fores
1785 1826 2081 1889 custodia
2109 1830 2339 1901 servet,
2445 1880 2456 1891 .

630 1938 807 2015 Quin
833 1958 1039 2002 vacua
1067 1938 1149 2002 ad
1177 1938 1447 2001 rutilum
1478 1937 1640 2001 sella
1677 1938 1766 2001 sit
1794 1958 1926 2001 una
1954 1938 2184 2003 focum.

528 2051 810 2136 Lugetur
837 2051 1148 2114 moritura
1176 2050 1401 2114 cohors
1431 2054 1497 2113 et
1525 2053 1781 2119 mortua
1808 2049 2068 2132 passim,

628 2163 1111 2247 Assiduumque
1140 2183 1326 2229 auras
1359 2166 1547 2247 urget
1576 2168 1612 2199 “
1633 2161 1778 2227 Ave
1807 2167 2001 2254 atque
2029 2162 2250 2234 Vale.'’

531 2276 835 2353 Quolibet
863 2276 935 2339 in
961 2276 1107 2341 vico
1137 2276 1384 2359 spernit
1412 2274 1641 2339 solatia
1669 2279 1892 2352 mater,

628 2388 919 2451 Plurima
948 2388 1103 2451 dum
1132 2388 1302 2453 natis
1331 2386 1602 2471 ingemit
1633 2387 1786 2451 orba
1814 2386 1964 2451 suia.

531 2501 767 2566 Tristia
798 2501 1232 2583 quantumvis,
1261 2507 1481 2566 tamen
1510 2501 1651 2566 haec
1679 2500 2003 2585 patiamur
2031 2499 2222 2571 amici
2249 2523 2264 2579 ;

629 2613 891 2680 Scilicet
916 2634 953 2679 e
982 2612 1144 2678 dura
1171 2634 1305 2680 non
1331 2618 1721 2699 generantur
1745 2614 1962 2680 hume.

531 2727 790 2792 Laetitia
817 2727 888 2791 in
915 2726 1097 2812 pulla
1132 2728 1457 2811 quondam
1484 2728 1671 2793 venit
1698 2728 1890 2794 obvia
1917 2732 2122 2804 veste,

626 2839 1114 2924 Propitiumque
1142 2841 1360 2906 ferunt
1384 2840 1616 2906 nubila
1641 2841 1840 2906 missa
1869 2839 2080 2912 deum,

801 3091 1313 3158 EXERCISE
1375 3090 1699 3155 XXXII.
1746 3091 2109 3163 XXXIII·

527 3250 624 3315 Ut
649 3249 972 3313 matutino
1002 3248 1239 3313 lustrat
1266 3247 1431 3332 pede
1459 3267 1611 3312 rura
1637 3247 1864 3324 viator,

626 3361 837 3427 Dulce
867 3367 1053 3428 sonat
1082 3361 1298 3426 medio
1326 3382 1457 3426 vox
1485 3361 1718 3426 iterata
1743 3360 1894 3448 polo
1919 3384 1938 3442 ;

531 3475 750 3551 Quum
776 3475 966 3540 modo
994 3495 1365 3552 vanescens,
1393 3473 1523 3540 uda
1552 3474 1744 3540 modo
1773 3474 1920 3542 luce
1951 3493 2306 3562 coruscans,

626 3588 902 3671 Insuper
929 3588 1235 3654 aethereas
1264 3591 1478 3652 tentat
1506 3587 1741 3651 alauda
1768 3587 2008 3672 plagas.

524 3699 636 3764 Ah
666 3701 915 3783 quoties
948 3706 1144 3786 gratae
1178 3705 1500 3764 recreatur
1527 3699 1789 3763 flatibus
1821 3719 2007 3776 aurae,

627 3812 785 3889 Quae
814 3813 986 3878 ludit
1014 3813 1254 3877 circum
1281 3811 1726 3899 praetereuntis
1755 3810 1921 3875 iter:

531 3925 749 4002 Quum
775 3925 1087 4012 languent
1113 3925 1300 4002 vireS,
1329 3924 1662 4008 nimioque
1694 3923 1912 3991 labore
1939 3926 2242 4008 grava-tus

629 4037 933 4122 Increpat
962 4038 1204 4104 aestivae
1233 4037 1427 4104 taedia
1453 4037 1648 4122 longa
1675 4035 1815 4102 viae.

531 4237 675 4301 Aut
706 4236 824 4302 ubi
853 4237 950 4302 sol
978 4237 1191 4302 medio
1222 4237 1361 4302 sine
1385 4230 1671 4302 nubibus
1699 4257 1821 4302 axe
1848 4235 2120 4312 refulsit,

629 4349 1055 4434 Membraque
1083 4349 1321 4414 lassato
1348 4350 1465 4414 vix
1492 4349 1696 4414 trahit
1723 4349 1838 4413 ille
1865 4347 2049 4432 pede,
