3181 4990
727 430 810 478 22
900 412 1134 478 KEY
1177 414 1298 479 TO
1338 412 2061 479 PROGRESSIVE
2102 412 2685 481 EXERCISES

827 607 988 685 Quae
1018 614 1238 672 tamen
1265 627 1397 671 una
1422 605 1558 670 tuis
1585 605 1893 690 praelucet
1918 605 2202 682 floribus,
2238 605 2397 670 olim

926 721 1009 783 In
1038 720 1225 785 clivis
1255 740 1574 804 gemmam
1602 719 1876 802 protulit
1902 717 2053 784 Ara
2082 717 2231 783 suis,

826 833 1024 897 Hunc
1051 833 1273 898 videat
1301 833 1587 916 calycem
1620 832 1730 896 Sol
1759 833 1967 896 almus
1996 852 2196 896 suave
2224 831 2578 908 rubentem,

926 946 1071 1009 Lux
1100 946 1215 1010 ubi
1243 946 1581 1030 purpureis
1611 943 1861 1009 roscida
1887 944 2103 1028 prodit
2132 944 2316 1029 equis
2346 971 2361 1011 :

824 1058 910 1122 Et
935 1079 1052 1122 vos
1084 1057 1138 1121 Ο
1169 1057 1352 1124 verni
1381 1057 1748 1124 descendite
1776 1057 2009 1122 leniter
2035 1057 2291 1135 imbres,

924 1170 1204 1256 Vespere
1233 1171 1416 1255 queis
1446 1171 1645 1236 tacito
1676 1171 1851 1236 frons
1880 1177 2189 1236 renovata
2215 1171 2395 1236 viret.

825 1408 1041 1486 Parce,
1070 1428 1306 1492 precor,
1336 1414 1555 1474 tenero
1589 1409 1733 1472 flori
1760 1429 1905 1491 quae
1934 1408 2166 1495 frigida
2192 1409 2409 1494 penna

921 1520 1105 1585 Aura
1131 1519 1438 1605 pruinosa
1467 1521 1699 1585 nuntia
1725 1520 1893 1586 lucis
1923 1522 2075 1586 ades
2106 1547 2119 1586 ε

821 1631 1049 1716 Sisque
1077 1633 1318 1717 procul,
1349 1633 1623 1712 coluber,
1652 1634 1857 1698 violas
1894 1635 2009 1719 qui
2040 1634 2235 1698 dente
2262 1634 2477 1717 rapaci

923 1745 1256 1829 Quidquid
1274 1745 1525 1812 ,habent
1558 1747 1745 1824 horti,
1775 1747 2095 1831 quidquid
2122 1747 2384 1811 honoris
2412 1767 2571 1831 ager.

818 1857 1039 1923 Aurea
1071 1859 1412 1925 Borbonici
1439 1881 1621 1944 reges
1652 1881 1769 1924 sua
1797 1859 1939 1923 lilia
1960 1861 2211 1944 jactent
2238 1883 2255 1939 ;

919 1971 1096 2036 Laeta
1122 1972 1564 2057 triumphales,
1593 1973 1851 2057 Anglia,
1879 1973 2091 2057 pande
2119 1993 2293 2036 rosas
2324 1997 2337 2036 :

818 2083 1154 2150 Pulchrior
1179 2085 1284 2150 his
1310 2086 1552 2151 virides
1583 2086 1787 2150 saltus
1822 2085 1986 2148 mihi
2019 2085 2324 2150 flosculus
2352 2088 2551 2158 ornat,

920 2196 1050 2261 Hic
1079 2198 1194 2262 ubi
1217 2198 1572 2263 maeandros
1604 2198 1861 2263 Devona
1894 2198 2103 2262 dulcis
2137 2197 2283 2282 agit.

1298 2567 1815 2634 EXERCISE
1872 2569 2227 2633 LXXIII.

804 2769 948 2847 Qua
976 2770 1223 2847 cecidit,
1253 2771 1485 2835 tellure
1514 2772 1747 2837 ducem
1774 2792 2042 2856 posuere
2073 2771 2311 2837 cavata.

905 2883 1104 2967 Signa
1128 2883 1258 2948 loci
1291 2885 1570 2968 quaeris?
1614 2885 1798 2949 nulla
1824 2886 2049 2950 relicta
2077 2890 2355 2949 manent.

903 2996 1030 3061 Sed
1059 2997 1298 3061 tumuli
1332 3018 1653 3081 nusquam
1683 2998 1865 3083 signa
1893 2997 2120 3063 relicta
2146 3004 2426 3062 manent.
2457 2897 2501 3071 }

815 3109 1080 3175 Delevit
1108 3110 1415 3176 damnosa
1445 3112 1582 3177 dies
1611 3112 2011 3176 monimenta
2038 3111 2305 3195 Sibyllae
2328 3134 2347 3191 ;

773 3299 778 3304 ⁵
915 3223 1256 3288 Marmoris
1287 3229 1352 3289 et
1382 3225 1545 3288 sacri
1573 3224 1893 3308 fragmina
1919 3244 2061 3287 rara
2082 3224 2319 3309 jacent.

815 3336 942 3401 Sed
969 3336 1076 3400 vel
1106 3336 1361 3401 adhunc
1389 3338 1608 3402 tenuis
1636 3337 1782 3402 fons
1812 3337 2018 3402 stillat
2046 3338 2126 3401 ab
2156 3357 2381 3422 aggere
2410 3357 2624 3421 parve,

916 3448 1154 3513 Sistere
1184 3447 1312 3531 quo
1339 3470 1594 3533 gressus
1624 3471 1791 3534 saepe
1819 3450 2031 3514 viator
2059 3456 2268 3515 amat:

813 3560 1006 3626 Unde
1034 3580 1196 3645 vago
1227 3561 1429 3626 satius
1458 3563 1731 3628 miretur
1756 3563 2005 3628 lumine
2035 3582 2309 3646 camp08,

913 3674 1215 3759 Ruraque
1244 3696 1375 3739 non
1403 3676 1588 3741 nullo
1620 3676 2174 3741 commemoranda
2202 3675 2323 3740 die.

811 3787 952 3852 Nec
982 3787 1201 3852 minus
1230 3789 1339 3853 hic
1369 3790 1575 3873 carpit
1604 3790 1809 3873 pubes
1838 3790 2119 3873 pastoria
2139 3789 2389 3872 juncOS‚

916 3900 1201 3982 Quaeque
1231 3906 1414 3965 natat
1441 3901 1674 3965 mediis
1704 3902 1881 3966 edita
1907 3902 2073 3966 lotos
2104 3900 2289 3985 aquis
2320 3926 2335 3965 :

809 4012 1116 4093 Dumque
1139 4012 1328 4094 juvat
1359 4013 1560 4096 coryli
1585 4021 1985 4097 prosternere
2014 4014 2301 4079 membra
2330 4014 2451 4077 sub
2480 4011 2727 4090 umbra,

912 4122 1200 4205 Quisque
1235 4124 1371 4188 suis
1399 4132 1699 4208 properat
1727 4130 1895 4191 serta
1924 4126 2151 4192 decora
2179 4126 2397 4190 comis.

810 4234 948 4299 Nec
977 4235 1160 4299 venit
1187 4235 1258 4298 in
1287 4242 1573 4301 mentem
1601 4238 1820 4327 pueris
1850 4238 1979 4322 qua
2008 4236 2158 4305 sede
2187 4243 2535 4316 morentur,

909 4347 1006 4413 Ut
1034 4346 1216 4413 ducis
1249 4348 1564 4433 impavidi
1592 4355 1889 4435 contegat
1917 4371 2060 4417 ossa
2088 4351 2313 4417 solum.
