3181 4990
641 434 729 497 24
814 414 1048 479 KEY
1094 414 1214 480 TO
1257 411 1976 480 PROGRESSIVE
2019 408 2601 476 EXERCISES

741 612 937 675 Nunc
965 607 1082 671 ubi
1110 608 1282 672 veris
1310 606 1516 671 honos
1543 608 1567 670 3
1610 605 1727 669 ubi
1754 625 1968 670 rerum
1999 604 2209 669 dulcis
2238 605 2499 689 imago?

841 721 1203 803 Flabraque
1234 720 1314 785 de
1345 720 1522 784 canis
1551 739 1687 782 non
1714 719 1981 784 inodora
2007 718 2235 783 rubis?

742 835 902 912 Quae
931 833 1183 897 nituere
1204 833 1378 918 jugis
1407 832 1521 895 ubi
1551 852 1727 895 nunc
1756 837 2045 895 armenta
2070 835 2429 915 vagantur?

846 947 1134 1030 Quaeque
1162 966 1280 1028 per
1309 945 1935 1008 umbrosumcantat
1964 944 2195 1008 alauda
2223 964 2452 1008 nemus
2475 947 2499 1007 ’ἒ

739 1061 988 1142 Vesper
1016 1059 1196 1122 mitis
1231 1059 1428 1136 abest,
1459 1058 1913 1139 Autumnique
1942 1057 2075 1120 otia
2102 1057 2285 1133 fusci,

844 1172 1064 1249 Quum
1092 1175 1345 1235 matura
1371 1191 1541 1235 novo
1571 1171 1811 1254 fragrat
1841 1168 2031 1234 odore
2062 1190 2241 1254 seges
2274 1195 2287 1232 :

741 1285 1052 1367 Tempore
1082 1304 1210 1367 quo
1240 1284 1518 1348 celebrat
1553 1282 1737 1346 conis
1768 1281 2044 1346 declivia
2070 1303 2289 1368 paguS,

845 1397 1157 1480 Olaraque
1187 1416 1316 1459 vox
1345 1393 1474 1460 late
1502 1400 1693 1458 tonsa
1722 1415 1837 1478 per
1866 1415 2022 1459 arva
2050 1401 2249 1459 sonat.

956 1763 1473 1830 EXERCISE
1534 1764 1757 1828 LXX
1774 1764 2403 1828 VJJJ.-·-LXXXJ.

747 1959 874 2023 Illa
901 1958 1124 2022 cohors
1153 1979 1285 2022 uno
1316 1959 1521 2023 crevit
1550 1957 1947 2021 nitidissima
1976 1957 2160 2021 cultu
2184 1979 2201 2035 ;

716 2081 721 2086 “
846 2071 1148 2135 Laetificis
1181 2072 1399 2135 sonuit
1429 2071 1667 2134 risibus
1698 2091 1829 2134 una
1857 2070 2102 2133 (lomus.

748 2184 1025 2251 Condita
1053 2205 1228 2249 nunc
1258 2186 1569 2248 recubant
1599 2204 1730 2247 non
1759 2204 1889 2246 uno
1920 2184 2209 2247 membra
2237 2183 2529 2265 sepulcro
2553 2206 2569 2261 ;

849 2297 1171 2380 Sepositos
1201 2297 1445 2361 cineres
1475 2316 1678 2373 mom,
1707 2316 1898 2371 mare,
1932 2296 2192 2371 flumen,
2222 2294 2433 2359 habet.

758 2411 906 2474 Una
935 2430 1126 2492 supra
1155 2415 1352 2473 noctu
1381 2409 1663 2494 genitrix
1697 2429 1764 2472 se
1798 2408 1982 2471 flexit
2010 2413 2291 2487 amatos3

852 2524 1051 2587 Basia
1081 2523 1310 2605 sopitis
1339 2523 1661 2586 frontibus
1690 2521 1807 2584 illa
1836 2521 2031 2587 dedit.

757 2637 934 2700 Ante
969 2635 1189 2699 oculos
1219 2635 1453 2698 clausit
1482 2635 1766 2717 calycem
1794 2635 1911 2698 flos
1947 2634 2220 2718 quisque
2252 2636 2579 2700 tenellum.

849 2747 905 2811 Ο
939 2748 1053 2812 ubi
1082 2767 1257 2811 nunc
1287 2748 1543 2811 clausus
1579 2746 1834 2824 dormit,
1867 2753 1944 2811 ut
1974 2753 2141 2825 ante,
2172 2748 2411 2832 calyx?

750 2984 1067 3052 Occiduos
1095 2986 1269 3049 intra
1299 2986 1502 3049 saltus
1526 2986 1703 3070 jacet
1733 2985 1909 3063 alter,
1940 2986 2020 3049 ad
2052 3006 2307 3051 amnem

851 3098 982 3176 Qui
1009 3099 1400 3183 ferrugineas
1429 3098 1502 3161 in
1529 3119 1706 3163 mare
1738 3098 1947 3162 volvit
1976 3117 2190 3181 aquas,

755 3211 983 3275 Indica
1011 3232 1167 3296 gens
1197 3211 1518 3294 placidam
1552 3211 1941 3275 monstravit
1970 3211 2224 3275 conscia
2253 3211 2488 3287 sedem,

849 3325 916 3388 N
917 3324 1178 3407 igraque
1209 3331 1521 3387 sacratam
1551 3324 1779 3389 cedrus
1810 3323 2150 3387 obumbrat
2178 3323 2465 3388 humum.

757 3435 1062 3501 Oaeruleis
1095 3435 1258 3499 alter
1286 3435 1524 3498 dormit
1554 3436 1921 3500 submersus
1949 3436 2023 3500 in
2051 3436 2259 3512 undiS,

856 3546 1002 3625 Qua
1028 3548 1305 3612 latebras
1331 3548 1504 3613 inter
1531 3549 1813 3632 plurima
1841 3549 2037 3613 bacca
2063 3549 2232 3613 nitet
2261 3574 2275 3611 :

755 3662 933 3725 Ante
960 3660 1120 3725 alios
1149 3661 1358 3725 fuerat
1379 3662 1641 3746 juvenis
1674 3662 2037 3727 carissimus
2069 3681 2289 3725 omnes
2315 3684 2329 3740 ;

854 3774 982 3838 Sed
1009 3774 1273 3839 lacrima
1302 3775 1627 3840 occultum
1656 3774 1839 3838 nulla
1866 3775 2078 3839 cubile
2106 3774 2286 3858 rigat.

759 4012 1080 4075 Sternitur
1110 4011 1218 4074 hic
1249 4012 1463 4075 audax
1498 4012 1769 4076 audaces
1798 4013 1986 4088 inter,
2018 4012 2101 4075 ad
2128 4011 2407 4076 Austros

851 4122 1029 4187 Vitis
1059 4122 1174 4185 ubi
1205 4122 1400 4189 curva
1427 4123 1593 4188 falce
1621 4130 1849 4207 putata
1876 4124 2059 4189 viret.

760 4235 1129 4319 Implicitus
1159 4236 1394 4300 cecidit
1420 4236 1665 4301 vexillo
1699 4242 1959 4320 pectora
1986 4238 2194 4314 mileS‚

854 4348 1201 4432 Rubroque
1232 4349 1594 4434 Hispanam
1622 4350 1935 4435 sanguine
1962 4350 2167 4413 tinxit
2194 4349 2482 4413 humum.
