3181 4990
782 405 905 468 IN
954 405 1280 470 LATJN
1330 406 1781 472 ELEGIAC
1847 408 2176 474 VERSE

550 599 859 682 Tempore
896 619 1023 681 quo
1054 618 1231 663 serus
1266 591 1634 663 modulatur
1662 600 1974 665 arundine
2004 594 2260 666 carmen

651 711 894 787 Pastor,
924 718 991 776 et
1020 712 1102 775 ad
1132 712 1327 776 cellas
1355 712 1501 777 lene
1532 719 1822 785 susurrat
1853 714 2005 798 apis,

548 913 672 987 Ast
699 913 935 977 iterum
960 913 1192 989 valeaS‚
1222 913 1365 996 lyra
1393 912 1814 977 dilectissima
1841 914 1996 990 vati,

651 1026 756 1088 Da
781 1025 1041 1089 veniam
1074 1025 1416 1108 indignum
1442 1045 1547 1088 me
1576 1024 1866 1108 tetigisse
1899 1025 2096 1089 fides:

550 1136 667 1203 Nil
694 1157 903 1201 moror
931 1137 1268 1201 arbitrium
1297 1137 1695 1220 castigatoris
1727 1138 1915 1213 acuti,

653 1250 901 1313 Tenuia
931 1249 989 1313 si
1018 1249 1234 1313 tenuis
1264 1250 1549 1315 carmina
1577 1254 1799 1313 nostra
1827 1252 2031 1332 putet.

555 1361 727 1438 Quid
756 1383 859 1426 me
891 1383 1021 1425 non
1043 1362 1223 1444 juvit
1251 1368 1367 1426 tua
1394 1382 1523 1425 vox
1556 1382 1673 1445 per
1701 1362 1894 1429 taedia
1926 1362 2095 1438 vitae,

653 1473 923 1538 Occulto
953 1474 1203 1557 quoties
1234 1474 1423 1538 corda
1452 1473 1667 1539 dolore
1696 1478 1998 1539 tument?

553 1585 768 1662 Quum
798 1587 1050 1671 pepulit
1077 1588 1284 1651 noctis
1314 1588 1530 1652 tristes
1558 1588 1678 1651 lux
1707 1588 1953 1652 tristior
1980 1587 2255 1663 umbraS,

651 1700 738 1763 Et
765 1700 1016 1784 gravior
1042 1701 1256 1785 luctus
1284 1722 1417 1765 non
1446 1701 1788 1766 sociandus
1819 1706 1969 1767 erat.
2033 1730 2041 1739 ·

560 1808 748 1888 Quod
779 1813 963 1896 potui
992 1806 1239 1876 tantas¹
1269 1813 1549 1878 vivendo
1578 1814 1838 1878 vincere
1874 1833 2074 1890 curas

654 1917 979 1989 Muneris²
1007 1926 1128 1988 hoc
1158 1929 1371 1988 totum
1401 1930 1514 2000 est,
1544 1924 1786 1989 blanda
1820 1926 2140 2000 camoena,
2170 1924 2284 1988 tui.

557 2150 816 2215 Pallor?
858 2171 942 2215 an
975 2156 1053 2214 ut
1080 2150 1267 2214 flecto
1300 2150 1574 2233 vestigia
1601 2149 1785 2212 tarda
1811 2154 2178 2223 retrorsum,

655 2264 891 2328 Nescio
923 2264 1069 2346 quis
1100 2262 1307 2325 movit
1334 2261 1446 2325 fila
1476 2281 1708 2325 canora
1743 2261 1902 2324 deus
1927 2264 1952 2324 2

552 2376 680 2440 Seu
707 2381 944 2440 temere
974 2373 1307 2438 exsultant
1331 2372 1612 2437 Phoebeo
1641 2373 1888 2437 fervida
1916 2377 2115 2449 tactu,

656 2488 783 2553 Seu
811 2486 1091 2572 Dryadis
1121 2485 1335 2570 penna.
1361 2489 1787 2571 praetereunte
1816 2490 2118 2550 tremunt.

550 2604 829 2686 Jamque
856 2623 973 2685 per
1001 2601 1324 2665 anfractus
1354 2600 1593 2666 sensim
1623 2600 2048 2684 scopulosque
2075 2596 2376 2664 recedens

653 2716 1041 2800 Languidior
1069 2719 1294 2779 cantus
1322 2713 1812 2798 languidiorque
1843 2713 2018 2777 cadit
2043 2737 2060 2793 3

555 2828 833 2912 Jamque
862 2849 1053 2912 super
1080 2833 1329 2892 montes
1357 2825 1543 2911 longe
1576 2827 1914 2891 dulcedine
1944 2824 2144 2908 rapta,
2232 2832 2236 2838 '

648 2941 783 3004 Vix
811 2941 968 3004 tulit
996 2940 1274 3003 incertos
1302 2939 1559 3003 mobilis
1592 2959 1746 3002 aura
1776 2959 1963 3002 sonos
1993 2963 2005 3000 :

555 3053 695 3116 Nec
722 3071 901 3114 mora
928 3075 941 3115 ε
987 3051 1213 3133 sopitae
1242 3056 1491 3113 traxere
1521 3049 1782 3113 silentia
1809 3055 2011 3113 terrae.

647 3162 809 3226 Arte
836 3166 1064 3246 potens
1093 3160 1355 3245 magica,
1385 3161 1634 3224 Scotica
1662 3159 1913 3237 chorda,
1942 3159 2100 3224 vale.

825 3420 1338 3488 EXERCISE
1403 3419 1734 3486 CXXVI.
1775 3417 2156 3512 CXXVII.

557 3556 859 3629 Vidimus
890 3564 1228 3628 occiduum
1259 3585 1390 3627 non
1419 3563 1602 3626 nullo
1631 3583 1894 3646 vespere
1924 3560 2141 3639 solem,

654 3677 877 3754 Qualis
912 3678 981 3739 in
1012 3696 1331 3758 aequoreas
1361 3675 1798 3758 praecipitetur
1825 3693 2038 3755 aquae.

556 3790 686 3854 Sed
712 3788 1244 3854 tamen—exierit
1273 3793 1531 3871 tempus
1560 3783 2086 3851 breve—viribus
2116 3783 2339 3859 auctiS,

641 3903 793 3965 Non
823 3900 949 3965 alio
977 3907 1242 3985 vegetus
1271 3900 1519 3964 lumine
1548 3920 1780 3982 rursus¹
1797 3899 1994 3964 adest.

570 3911 613 4084 {
640 4015 792 4077 Non
822 4013 947 4077 alio
975 4013 1228 4077 rediens
1258 4012 1505 4096 integer
1534 4013 1684 4076 orbe
1713 4011 1894 4076 nitet.
2025 3906 2069 4080 }

555 4125 738 4190 Idem
771 4126 962 4190 iterat
992 4146 1215 4189 cursus
1245 4125 1461 4201 clame,
1492 4125 1794 4208 idemque
1826 4121 2110 4198 revertit,

654 4237 803 4302 Sive
834 4238 1048 4313 oritur,
1080 4236 1250 4301 certa,
1276 4237 1589 4321 lampade,
1619 4237 1756 4302 sive
1786 4237 1972 4300 cadit.

629 4353 649 4388 ¹
675 4356 756 4407 Of.
786 4355 933 4424 Virg.
961 4357 1086 4408 AEn.
1118 4355 1190 4406 xi.
1223 4357 1336 4406 160.
1695 4351 1718 4387 ²
1743 4355 1820 4410 Oi.
1849 4355 1979 4406 Hor.
2011 4355 2065 4406 0.
2093 4353 2163 4405 iv.
2192 4353 2239 4403 3.
2268 4351 2353 4401 21.

2453 416 2536 493 39
