3181 4990
595 412 680 476 30
779 396 1009 461 KEY
1052 394 1177 460 TO
1218 391 1935 458 PROGRESSIVE
1977 392 2556 461 EXERCISES

697 588 911 674 Impia
936 586 1099 671 quid
1126 586 1277 652 vivo
1306 589 1559 652 mater?
1601 588 1718 669 qui
1745 584 1958 651 dicere
1985 604 2270 669 possum,

796 708 833 735 “
856 701 1065 778 Quem
1094 700 1318 784 peperi
1343 700 1629 783 primum
1657 698 1832 763 filius
1862 718 2008 763 ecce
2033 700 2212 781 jacet
2233 698 2388 765 Υἱ-

696 814 792 879 At
819 815 1061 879 famam
1088 820 1445 878 memorant
1466 812 1830 897 juvenilem
1857 817 2161 895 actosque
2189 812 2571 898 triumphos,

797 926 1069 991 Victrici
1096 932 1457 991 memorant
1480 925 1714 1009 proelia
1741 930 1922 1011 gesta.
1949 944 2166 991 manu.

700 1040 803 1104 Tu
828 1041 1109 1124 loquere,
1137 1045 1205 1104 et
1231 1040 1431 1104 fuerit
1456 1047 1575 1103 tus
1601 1060 1734 1103 vox
1757 1038 1984 1103 audita
2009 1037 2358 1123 loquentia

798 1153 943 1217 Lux
975 1174 1137 1229 mea,
1164 1152 1413 1218 deliciae
1440 1152 1683 1229 matris,
1715 1151 1958 1229 Ianthi,
1986 1156 2135 1217 tuae.

1257 1519 1770 1586 EXERCISE
1827 1518 2047 1586 XCV.

698 1739 769 1804 Si
799 1736 966 1802 mihi
993 1736 1133 1802 visa
1160 1736 1327 1802 fores
1355 1738 1549 1801 morti
1578 1737 1962 1821 superabilis
1993 1740 2165 1817 atrae,

802 1850 1153 1936 Sparsisset
1180 1870 1518 1933 nunquam
1545 1850 1811 1914 lacrima
1837 1856 2070 1915 moesta
2095 1872 2292 1936 genas
2319 1876 2335 1917 ι

698 1960 793 2028 At
820 1984 1077 2029 securus
1108 1984 1298 2040 eram,
1328 1970 1674 2045 tecumque
1701 1962 2110 2047 amplexibus
2140 1964 2388 2029 haerens

799 2077 1105 2142 Dedidici
1132 2076 1363 2141 infelix
1391 2081 1458 2141 te
1488 2096 1746 2159 quoque
1775 2096 1964 2160 posse
1993 2078 2170 2144 mori.

700 2190 853 2254 Non
884 2210 1176 2273 unquam
1209 2189 1411 2254 subiit
1438 2194 1728 2253 mentem
1757 2188 2047 2273 peritura
2070 2190 2385 2275 voluptas,

801 2302 1002 2367 Visus
1032 2308 1172 2367 erat
1198 2322 1535 2385 nunquam
1562 2307 1701 2365 tam
1731 2322 1932 2387 prope
1967 2304 2192 2368 abesse
2224 2303 2377 2378 dies,

702 2415 922 2492 Quum
948 2414 1115 2479 mihi
1142 2415 1381 2480 ridenti
1410 2414 1749 2479 subridens
1777 2415 2014 2479 ultima
2041 2416 2262 2492 abires,

802 2530 955 2594 Non
984 2529 1187 2594 oculis
1214 2529 1452 2593 iterum
1481 2529 1936 2613 conspicienda
1961 2531 2139 2595 meis.

1233 2884 1748 2951 EXERCISE
1793 2885 2054 2951 XCVI.

706 3105 1042 3170 AEthereas
1072 3104 1398 3188 quondam
1428 3104 1750 3168 calamum
1780 3105 2098 3169 connixus
2125 3105 2198 3169 in
2228 3126 2412 3171 auras

807 3219 1107 3284 Contorsi
1135 3243 1148 3281 :
1193 3217 1413 3302 ignoto
1443 3216 1684 3281 decidit
1713 3217 1828 3282 ille
1855 3217 2010 3284 1000.

705 3331 914 3414 Lapsa
942 3331 1179 3414 sagitta
1204 3330 1370 3394 latet
1402 3354 1417 3394 ε
1460 3350 1712 3413 nequeo
1741 3331 2018 3414 reperire
2047 3316 2342 3408 latebras}

804 3443 960 3506 Tam
990 3442 1180 3506 celeri
1208 3442 1350 3505 visa
1379 3447 1478 3506 est
1504 3443 1886 3526 praeteriisse
1915 3443 2084 3528 fuga.

710 3555 1083 3631 cantabam,
1110 3553 1421 3618 memini:
1466 3574 1662 3618 sonus
1695 3555 1834 3618 exit
1863 3556 1934 3618 in
1963 3556 2203 3620 aethera
2231 3555 2457 3633 dulcis,

808 3667 1142 3751 Raptaque
1174 3667 1391 3731 nescio
1424 3665 1556 3750 qus,
1587 3687 1717 3731 vox
1746 3667 2003 3750 regione
2033 3669 2244 3749 cadit3

707 3778 776 3842 N
775 3800 880 3843 am
908 3781 1053 3863 quis
1082 3785 1220 3844 tam
1246 3779 1509 3864 vegetis„
1538 3780 1626 3843 sit
1655 3780 1949 3862 quamvis
1979 3800 2140 3857 acer,
2169 3781 2392 3846 ocellis

805 3893 1061 3968 Utitur,
1078 3898 1155 3954 ut-
1180 3890 1408 3956 cantus
1439 3912 1698 3956 cernere
1727 3892 1933 3975 possit
1961 3891 2134 3957 iter?

708 4003 967 4068 Solibus
998 4004 1240 4067 exactis
1268 4003 1483 4067 media
1510 4004 1683 4068 inter
1709 4004 1974 4068 brachia
2001 4003 2275 4088 quercus

804 4115 1161 4180 Incolumis
1190 4115 1491 4192 calamus,
1522 4116 1652 4200 qus.
1679 4118 1863 4200 prius
1890 4117 2098 4196 haesit,
2133 4123 2314 4182 erat:

709 4228 849 4292 Nec
881 4227 1099 4290 minus
1129 4227 1377 4310 integro
1404 4249 1820 4294 numerorum
1845 4230 2030 4314 copia
2058 4239 2257 4295 cantu

801 4340 1045 4405 Dilecti
1071 4339 1266 4404 rediit
1292 4346 1507 4405 mente
1534 4347 1792 4426 reposta
1817 4343 1958 4408 viri.
