3181 4990
625 407 666 468 8
796 403 1030 468 KEY
1073 401 1196 467 To
1237 395 1955 464 PROGRESSIVE
1997 396 2577 464 EXERCISES

712 597 895 682 Saepe
923 615 1038 680 per
1065 585 1369 659 alterno-3¹
1399 591 1735 658 minitanti
1763 611 2090 656 murmure
2118 591 2357 655 fluctus

827 708 1174 792 Hesperias
1206 711 1501 790 repetent
1527 704 1784 770 lumina
1800 703 1945 784 ,fixa
1971 704 2193 787 plagas
2218 727 2235 782 ;

711 821 937 904 Tuque
969 821 1024 886 Ο
1056 841 1184 904 quo
1212 839 1357 884 mea
1389 838 1664 904 cunque,
1691 817 1934 902 loquar,
1967 815 2237 880 Galatea
2264 821 2531 901 vagetur

831 932 1140 997 Indorum
1169 932 1326 997 felix
1356 937 1580 1018 terque
1614 933 1964 1015 quaterque
1993 949 2259 1008 nemus3

711 1045 838 1111 Dic
867 1045 1047 1122 mihi,
1077 1065 1361 1110 secessus
1390 1064 1586 1130 quum
1621 1042 1810 1107 devia
1836 1041 2071 1106 lustrat
2098 1061 2400 1116 amoenos,

827 1158 1009 1223 Num
1037 1178 1282 1224 memor
1311 1158 1645 1222 absentem
1673 1155 1937 1240 respicit
1965 1154 2082 1219 illa
2109 1154 2366 1218 virum?

1089 1409 1606 1480 EXERCISE
1663 1410 1913 1475 XXII.
1958 1411 2248 1475 XXIII.

715 1566 884 1633 Lilia
906 1568 1046 1650 jam
1073 1567 1271 1632 viridi
1297 1567 1529 1631 florent
1556 1567 1630 1629 in
1656 1567 1942 1650 margine
1970 1567 2142 1650 ripae,

829 1678 1123 1743 Primulo.
1143 1679 1282 1762 jam
1310 1677 1530 1763 pronis
1563 1680 1801 1744 exserit
1828 1701 1941 1744 ora
1960 1681 2136 1765 jugis
2160 1705 2178 1760 ;

717 1790 995 1856 Trudere
1022 1812 1138 1875 per
1166 1791 1368 1856 valles
1403 1812 1522 1856 sua
1552 1793 1843 1876 germina
1863 1793 2062 1876 coepit
2092 1794 2422 1870 acanthus,

831 1905 919 1968 Et
948 1903 1175 1988 spinus
1206 1904 1386 1969 cultu
1412 1905 1777 1970 lacticolore
1806 1905 1987 1970 nitet.

717 2016 992 2083 Infimus
1020 2018 1241 2101 upilio,
1269 2017 1522 2102 peperit
1553 2038 1747 2102 quem
1777 2019 2027 2083 Scotica
2054 2019 2266 2096 tellus,

824 2131 964 2195 Has
992 2151 1108 2214 per
1134 2131 1303 2195 ruris
1333 2151 1484 2215 opes
1515 2129 1645 2214 quo
1673 2131 1838 2196 libet
1865 2131 1959 2195 ire
1988 2137 2215 2214 potest.
2247 2135 2289 2306 }

823 2243 974 2307 Huc
999 2243 1171 2308 inter
1196 2243 1385 2307 flores
1415 2241 1544 2327 quo
1576 2244 1741 2309 libet
1768 2244 1861 2308 ire
1889 2247 2120 2327 potest.

720 2357 824 2422 En
856 2376 992 2440 eg0,
1019 2356 1308 2439 reginam
1337 2377 1534 2439 quam
1566 2357 1817 2421 Scotica
1844 2363 2014 2421 terra
2040 2358 2326 2433 vocabat,

837 2468 1100 2533 Scilicet
1127 2469 1200 2533 in
1231 2469 1389 2533 duro
1419 2488 1667 2534 carcere
1694 2489 1914 2553 pressa
1939 2489 2165 2535 moror.

721 2658 817 2724 At
845 2660 937 2732 tu,
967 2659 1135 2731 nate,
1165 2675 1387 2738 precor
1413 2656 1619 2739 magis
1649 2675 1831 2740 aequo
1865 2654 2071 2723 sidere
2100 2656 2301 2735 vivas,

838 2768 926 2831 Et
946 2766 1174 2830 melior
1195 2767 1418 2831 veniat
1445 2786 1580 2831 sors
1609 2771 1725 2832 tua
1752 2772 1920 2831 sorte
1948 2766 2132 2832 mea:
2170 2775 2181 2784 '

727 2881 1014 2963 Quaeque
1043 2897 1220 2944 meos
1250 2900 1585 2963 nunquam
1614 2879 1910 2964 despexit
1934 2881 2081 2945 luce
2109 2880 2393 2965 maligna

839 2992 1058 3057 Aurea
1085 2992 1225 3055 Pax
1255 3011 1456 3057 annos
1485 2991 1694 3059 rideat
1720 3013 1927 3076 usque
1961 2999 2124 3061 tuos.

727 3106 1184 3189 Maternosque
1210 3106 1464 3170 utinam
1490 3103 1679 3191 longe
1705 3107 1887 3171 Deus
1917 3111 2131 3171 arceat
2158 3106 2395 3184 hostes,

841 3219 983 3283 Aut
1010 3218 1236 3283 doceat
1265 3219 1497 3284 saltem
1525 3240 1658 3283 non
1687 3220 1983 3284 nocuisse
2011 3220 2137 3284 tibi
2162 3242 2181 3300 ;

727 3331 964 3416 Tuque,
994 3330 1160 3394 mihi
1186 3331 1440 3395 miserae
1469 3330 1527 3394 si
1554 3331 1701 3414 quis
1728 3331 1895 3395 bene
1922 3332 2147 3396 fecerit
2176 3332 2351 3409 olim,

845 3442 1044 3508 Hunc
1072 3462 1318 3507 memor
1345 3444 1428 3508 ob
1454 3447 1729 3508 matrem
1758 3442 1970 3531 dilige,
2000 3450 2171 3521 nate,
2200 3450 2397 3509 tuam.

1251 3684 1770 3753 EXERCISE
1826 3686 2111 3752 XXIV.

735 3840 772 3903 I
806 3837 955 3923 (tibi
983 3859 1194 3927 genva
1218 3839 1429 3905 vicem
1456 3841 1857 3925 praestabunt
1883 3847 2103 3907 nostra
2130 3841 2407 3925 caballi),

850 3950 995 4030 Quo
1029 3957 1244 4017 statua
1273 3958 1539 4017 exornat
1568 3953 2009 4019 Banburiense
2037 3954 2261 4020 forum.

707 4064 1019 4153 §Femina
1052 4064 1159 4130 cui
1189 4064 1445 4148 sonipes
1476 4085 1604 4147 quo
1634 4064 1750 4127 nix
1778 4085 1911 4130 non
1938 4066 2174 4150 purior,
2203 4066 2343 4132 imo

851 4177 1154 4261 Tegmine
1183 4176 1382 4261 regali
1411 4176 1862 4260 conspicienda
1891 4178 2084 4244 sedet.
2214 4256 2221 4261 ⁶

756 4317 778 4353 ¹
801 4320 1034 4387 Propert.
1061 4318 1134 4373 iii.
1165 4321 1214 4373 ³.
1243 4317 1313 4375 7:
1351 4319 1566 4373 Scilicet
1587 4320 1793 4373 alterna
1815 4321 2067 4389 quoniam
2086 4324 2354 4391 jactamur
2375 4325 2435 4395 in
2456 4324 2613 4379 mida.
