3181 4990
695 399 777 465 50
862 382 1095 447 KEY
1139 380 1259 446 TO
1301 378 2013 445 PROGRESSIVE
2055 379 2630 447 EXERCISES

776 579 875 641 Tu
907 575 1074 641 mihi
1099 575 1246 641 luce
1275 573 1413 639 orta
1442 574 1597 639 dum
1629 574 1726 639 sol
1753 573 2021 639 decedat
2051 573 2439 658 Olymp0,—-

891 690 961 753 N
960 710 1065 752 am
1095 688 1236 753 sine
1264 693 1329 753 te
1358 708 1607 770 nequeo
1635 687 2209 770 vivom—semper
2236 687 2426 753 ades:

776 802 877 867 Tu
904 801 1086 879 mihi,
1116 820 1319 885 quum
1350 801 1632 865 subeunt
1660 801 2014 866 tenebrosae
2039 802 2334 885 tempora
2359 802 2586 880 noctis,

896 916 1161 998 Semper
1194 912 1381 979 ades:
1428 932 1679 997 nequeo
1707 917 1776 977 te
1803 910 1945 977 sine
1973 930 2209 997 nempe
2238 914 2417 979 mori.

1082 1280 1107 1305 0
1226 1243 1742 1310 EXERCISE
1800 1243 2004 1308 XIV.
2049 1243 2217 1308 XV.

779 1414 1015 1491 Chlori,
1043 1413 1227 1478 vides
1255 1412 1502 1481 nemori
1530 1433 1692 1497 quos
1720 1411 1950 1476 induat
1979 1432 2187 1477 annus
2215 1412 2508 1490 honores,

893 1527 1037 1604 Quo
1067 1525 1319 1591 decoret
1347 1525 1518 1609 ripas
1547 1525 1831 1609 germine
1861 1524 2076 1589 caltha
2105 1531 2290 1591 suas!

775 1639 1137 1703 Excutiunt
1165 1659 1461 1703 somnum
1491 1637 1846 1725 fragrantes
1875 1636 2140 1702 floribus
2171 1658 2357 1715 aurae,

886 1752 975 1814 Et
1002 1751 1126 1815 tibi
1154 1751 1311 1833 dant
1338 1751 1539 1814 flavas
1569 1749 1955 1833 explicuisse
1987 1770 2214 1815 comas.

776 1863 961 1927 Vitat
994 1864 1361 1928 inauratum
1390 1862 1688 1927 sublimis
1722 1861 1956 1925 alauda
1982 1861 2264 1941 lacunar,

888 1977 977 2040 Et
1005 1996 1198 2059 super
1232 1975 1523 2060 agricolae
1553 1974 1809 2039 sordida
1836 1979 2009 2039 tecta
2043 1976 2256 2039 canit:

778 2088 1040 2153 Scilicet
1069 2093 1136 2152 et
1165 2087 1341 2151 duris
1371 2087 1541 2152 ridet
1570 2087 1822 2151 Natura
1849 2086 2111 2164 coloniS,

891 2201 1032 2267 Nec
1059 2201 1266 2285 magis
1298 2199 1592 2281 A‘eoyusto
1621 2220 1819 2283 quam
1851 2199 1993 2277 tibi,
2031 2200 2274 2283 Myrsi,
2303 2201 2497 2267 favet.-

776 2423 1094 2488 Sollicitet
1122 2424 1307 2489 docto
1336 2423 1728 2489 citharoedus
1757 2423 1991 2508 pollice
2021 2424 2306 2502 chordas,

889 2538 1081 2601 Atria·
1109 2537 1238 2621 qua
1264 2537 1473 2602 multa
1499 2537 1799 2622 lampade
1827 2537 2008 2602 lauta
2034 2537 2314 2618 micant3

778 2649 977 2714 Haud
1007 2649 1195 2714 aliter
1222 2650 1409 2714 tenui
1435 2649 1756 2714 modulari
1785 2670 2042 2716 carmen
2071 2649 2274 2715 avena

892 2762 1169 2827 Betullae
1197 2763 1419 2827 subter
1446 2762 1730 2847 tegmine
1764 2770 1985 2846 pastor
2013 2769 2200 2828 amat.

779 2875 1183 2958 Compositos
1214 2875 1421 2939 discat
1448 2875 1654 2958 pubes
1685 2875 1835 2940 dare
1862 2875 2038 2958 regia
2065 2880 2296 2952 motus,

892 2988 1168 3072 Spernat
1198 2993 1265 3053 et
1292 2993 1587 3073 agrestes,
1617 2988 1853 3072 gaudia
1879 2994 2118 3066 nostra,
2149 2989 2373 3052 choros
2399 3011 2415 3067 ;

776 3101 887 3165 An
916 3105 1137 3165 tamen
1168 3101 1287 3166 hos
1316 3106 1487 3166 tecto
1518 3102 1641 3165 sub
1670 3101 1874 3166 divite
1903 3106 2088 3165 tanta
2114 3101 2414 3184 voluptas

893 3213 1103 3292 Quam
1131 3234 1251 3280 nos
1280 3215 1401 3279 sub
1430 3193 1620 3297 spino
1648 3212 2013 3279 lacticolore
2045 3217 2308 3280 movet?

1200 3556 1714 3624 EXERCISE
1763 3555 1970 3622 XVI.
2015 3557 2261 3622 XVII.

787 3723 834 3787 J
836 3729 1138 3788 usserunt
1168 3725 1420 3789 Parcae:
1467 3723 1660 3788 citius
1690 3723 1906 3788 fatalis
1937 3723 2181 3787 arundo

887 3837 1236 3901 Transfixit
1264 3837 1450 3920 pueri
1478 3842 1738 3920 pectora
1767 3857 1912 3900 cara
1943 3837 2092 3903 mei.

793 3949 1087 4028 Occidit3
1133 3954 1328 4032 atque
1356 3948 1488 4013 una
1516 3949 1849 4032 perierunt
1875 3949 2111 4034 gaudia
2137 3949 2325 4014 nobis
2350 3973 2367 4030 ;

884 4063 954 4126 N
954 4082 1026 4126 ec
1056 4081 1247 4125 causa
1276 4061 1347 4124 in
1374 4060 1513 4125 vita
1544 4083 1658 4127 cur
1685 4082 1894 4127 morer
1921 4062 2058 4126 ulla
2086 4062 2253 4126 mihi
2281 4067 2396 4126 est.

784 4174 985 4240 Haud
1014 4195 1197 4239 secus
1228 4195 1301 4238 ac
1332 4173 1504 4239 saeva
1532 4194 1804 4258 quercus
1833 4175 2104 4240 detonsa
2133 4175 2405 4260 bipenni

882 4287 1217 4366 Sternitur,
1249 4292 1315 4352 et
1341 4287 1520 4371 turpi
1548 4288 1813 4371 pulvere
1841 4309 2044 4373 prona
2065 4291 2279 4373 jacet3
