3181 4990
789 412 914 475 IN
948 413 1077 476 LA
1098 412 1277 477 TIN
1313 413 1766 479 ELEGIAC
1821 414 2162 480 VERSE.

543 604 579 668 Ι
610 624 841 687 supera
868 605 1041 671 saltu
1070 610 1417 671 torrentem
1448 626 1626 671 more
1656 607 1958 691 capellae3

643 716 811 782 Acer
840 719 939 781 uti
969 718 1221 783 catulus
1251 726 1434 803 septa
1460 720 1781 803 rubosque
1811 721 1974 785 subi.

527 828 687 893 Alta
714 830 837 895 tibi
867 831 1071 916 surgit
1103 851 1311 916 rupea,
1345 832 1485 896 hiat
1513 853 1661 897 ecce
1688 833 2063 897 barathrum
2093 859 2106 897 ε

643 943 1048 1027 Praecipitem
1075 944 1284 1028 posito
1315 965 1502 1029 carpe
1530 945 1761 1009 timore
1789 946 1984 1013 viam.

543 1055 748 1118 Labra
776 1055 917 1120 sitis
946 1061 1161 1133 torret,
1196 1061 1393 1122 torret
1423 1057 1565 1121 sitis
1596 1057 1775 1121 arida
1801 1059 2080 1122 frontem
2105 1082 2120 1137 3

645 1168 746 1231 Tu
772 1173 994 1233 tamen
1023 1169 1106 1232 ad
1134 1169 1382 1233 fontem
1412 1169 1638 1234 sistere
1666 1189 1856 1254 parce
1884 1169 2171 1254 gradum.

544 1279 778 1344 Martis
812 1281 933 1357 abi,
962 1280 1210 1363 fatique
1240 1281 1454 1358 simul,
1482 1281 1846 1346 formidinis
1877 1282 2068 1347 idem.

644 1393 952 1470 Nuntius,
982 1398 1049 1457 et
1078 1392 1271 1457 celeri
1298 1413 1506 1478 perge,
1537 1394 1822 1472 Melissa,
1852 1395 2020 1479 fuga.

545 1505 697 1569 Non
726 1505 853 1569 tibi
881 1526 1055 1601 nunc
1085 1526 1237 1571 cura
1266 1510 1365 1570 est
1393 1506 1539 1570 ictae
1569 1507 1848 1592 vestigia
1875 1527 2080 1572 cervae

643 1617 955 1695 Qua-rere,
984 1639 1117 1682 non
1145 1618 1500 1702 nympham
1528 1640 1644 1702 per
1674 1639 1935 1684 nemora
1963 1620 2097 1685 alta
2125 1621 2312 1703 sequi
2337 1620 2355 1684 i

539 1730 693 1794 Non
720 1731 923 1795 socios
951 1729 1142 1795 hodie
1171 1730 1480 1795 currendo
1508 1732 1764 1796 vincere
1793 1737 2024 1806 tentas,

642 1843 794 1920 Non
807 1844 968 1928 juga
1000 1844 1295 1909 certatim
1323 1863 1439 1927 per
1464 1845 1630 1909 bene
1661 1850 1815 1908 nota
1843 1844 2013 1929 fugis
2041 1870 2056 1908 :

541 1956 709 2021 Alea
735 1958 907 2022 inest
936 1962 1003 2022 et
1030 1978 1198 2027 mors
1228 1964 1295 2021 et
1322 1959 1529 2023 virtus
1558 1958 1795 2023 bellica
1823 1978 2032 2023 cursu.

643 2070 860 2154 Longa
885 2070 995 2137 via
1023 2075 1139 2148 est,
1166 2090 1472 2154 propera:
1516 2090 1762 2155 rumpe,
1793 2069 2077 2147 Melisse,
2105 2089 2330 2136 moras.

546 2294 779 2359 Evolat
808 2301 883 2359 ut
910 2296 1198 2380 primum
1226 2295 1444 2361 fatalis
1473 2300 1715 2360 tessera
1742 2316 1990 2380 pugnae,

648 2407 916 2472 Rustica
943 2428 1059 2493 per
1085 2428 1282 2493 pagos
1313 2408 1520 2498 surgit
1548 2408 1621 2472 in
1650 2428 1828 2474 arma
1862 2408 2126 2474 cohors:

548 2521 952 2606 Robustique
980 2521 1104 2585 viri
1134 2526 1371 2586 coeunt
1398 2522 1598 2586 simul
1627 2522 1851 2587 ordine
1878 2523 2087 2607 longn,

646 2635 820 2712 Quot
846 2635 1015 2701 fusci
1043 2635 1263 2712 saltus,
1293 2641 1452 2718 quot
1481 2655 1642 2699 cava
1668 2635 1860 2699 vallis
1891 2635 2023 2701 alit.

544 2746 831 2812 Nuntius
858 2748 1108 2814 interea
1136 2767 1396 2813 cursum
1424 2768 1556 2811 non
1584 2747 1799 2811 tardat
1827 2748 2133 2813 anhelum
2158 2772 2173 2827 ;

645 2860 947 2926 Ostendit
970 2861 1228 2945 signum
1252 2885 1269 2941 ;
1314 2861 1449 2926 sint
1477 2861 1594 2925 ubi
1623 2866 1832 2925 castra
1861 2860 2061 2925 docet.

546 2973 750 3056 Urget
778 2972 903 3037 iter
928 2973 1137 3049 ve101,
1168 2977 1235 3036 et
1263 2993 1485 3057 gressu
1513 2978 1817 3055 provocat
1847 2993 2032 3037 auras
2061 2997 2076 3036 :

643 3085 819 3149 Pone
848 3085 1027 3149 subit
1055 3085 1364 3167 strepitus
1394 3084 1938 3167 subsequiturque
1966 3086 2190 3149 Pavor.

933 3365 1449 3432 EXERCISE
1509 3363 2016 3432 XIV—XVI.

541 3539 589 3602 J
590 3560 695 3602 am
724 3557 953 3602 vernos
981 3537 1234 3601 Natura
1259 3534 1441 3600 videt
1468 3534 1736 3599 rediisse
1766 3533 2022 3612 colores,

644 3652 967 3733 Terraque
995 3649 1242 3714 vestitu
1270 3648 1440 3712 ridet
1468 3647 1707 3711 amicta
1737 3666 1903 3710 novo
1933 3671 1947 3710 :

543 3738 1029 3847 Frondosasque
1055 3781 1273 3826 comas
1301 3760 1505 3845 agitat
1532 3758 1698 3824 levis
1728 3779 1884 3823 aura
1911 3758 2172 3834 Favoni,

646 3874 791 3953 Qua
816 3873 1141 3940 matutino
1168 3893 1273 3938 ros
1300 3872 1481 3936 lavat
1507 3871 1715 3936 imbre
1743 3891 1989 3936 nemus.

544 3987 638 4051 At
664 3986 831 4062 mihi
857 3986 1296 4072 nequidquam
1326 3985 1528 4069 spirat
1557 3985 1879 4049 narcissus
1908 3984 2148 4060 odores,

644 4100 733 4163 Et
758 4100 934 4164 viola
961 4120 997 4164 e
1025 4099 1291 4170 latebris
1325 4097 1567 4162 exserit
1597 4118 1708 4162 ora
1742 4096 1918 4162 suis:

542 4212 666 4277 Per
694 4232 957 4276 nemora
984 4217 1051 4277 et
1077 4211 1281 4275 valles
1310 4231 1461 4276 cum
1488 4210 1681 4274 turdo
1710 4208 1972 4295 galbula
1997 4213 2260 4274 cantat:

643 4323 762 4389 Nil
788 4323 1225 4408 profecturum
1255 4323 1475 4388 fundit
1502 4330 1775 4408 uterque
1804 4321 2018 4387 melos
