3181 4990
840 452 963 515 IN
996 455 1124 519 LA
1144 458 1211 520 T
1203 459 1325 521 IN
1358 461 1810 532 ELEGIAC
1859 467 2204 535 VERSE.

546 638 809 707 Scilicet
836 645 1140 713 immensi
1166 653 1355 717 nobis
1384 653 1614 721 domus
1643 678 1898 741 aequora
1929 663 2152 743 ponti3

660 756 927 840 Semper
952 780 1178 827 amans
1206 764 1373 829 risus
1402 766 1682 852 laetaque
1709 772 1901 835 turba
1933 794 2173 840 sumus.

541 902 646 966 En
672 909 1089 990 tempestates
1116 914 1457 980 minitatur
1484 918 1670 983 Luna
1697 922 1992 999 bicornis,

654 1018 742 1081 Et
766 1020 1049 1104 gravidae
1076 1026 1283 1091 nubes
1311 1028 1568 1113 fulgura
1597 1032 1767 1095 clara
1791 1042 2074 1099 monent.

539 1126 595 1188 F
592 1128 896 1197 allimur'?
946 1155 1033 1198 an
1064 1145 1368 1202 resonant
1392 1143 1674 1223 genialia
1700 1165 2047 1223 murmura,
2077 1156 2311 1225 nautae,

653 1241 1045 1329 Ingentique
1071 1248 1359 1315 fremunt
1387 1253 1662 1319 stridula
1688 1256 1888 1321 flabra
1916 1264 2115 1323 sono?

538 1352 827 1419 Stridula
852 1357 1053 1423 flabra
1080 1362 1384 1441 fremunt,
1410 1365 1751 1450 Eurusque
1780 1370 2075 1436 insibilat
2102 1373 2296 1437 undis
2320 1397 2336 1453 ;

650 1466 952 1535 Fulmine
981 1473 1139 1537 dum
1166 1477 1389 1560 rapido
1416 1480 1645 1543 nubila
1673 1487 1811 1545 tota
1837 1484 2098 1549 micant.

534 1577 737 1663 Regia
765 1583 879 1645 sed
906 1586 1111 1664 nobis,
1140 1591 1423 1668 comites,
1449 1600 1550 1657 est
1578 1614 1858 1659 concava
1887 1616 2286 1679 (11101011ος-

622 1692 955 1785 ·Haeredes
982 1697 1181 1765 Nerei
1208 1705 1672 1788 progeniesque
1701 1728 1940 1771 sumus

1006 1918 1519 1986 EXERCISE
1584 1923 1722 1988 CV.
1776 1925 1959 1990 CVI.

528 2042 873 2109 Montibus
901 2047 974 2109 in
1001 2049 1228 2131 patriis
1256 2072 1388 2115 non
1410 2054 1549 2135 jam
1576 2054 1761 2118 velut
1787 2061 1941 2120 ante
1968 2056 2264 2137 videtur;

644 2154 1007 2231 Quaerimus
1038 2162 1347 2226 amissum
1373 2185 1491 2247 per
1514 2185 1743 2229 nemus
1773 2188 1963 2232 omne
1990 2169 2219 2233 virum.

525 2266 753 2331 Fontis
782 2278 858 2334 ut
884 2274 1127 2339 aestivis
1158 2276 1479 2340 siccantur
1507 2278 1752 2343 solibus
1780 2280 1990 2357 undae,

626 2379 843 2445 Rebus
871 2382 943 2446 in
972 2388 1275 2451 extremis
1304 2409 1436 2452 non
1464 2391 1631 2455 bene
1658 2397 1875 2457 noster
1903 2394 2100 2457 abest.
2328 2402 2374 2576 }

624 2492 732 2557 Sic
760 2515 1017 2579 quoque
1046 2519 1221 2564 nunc
1250 2504 1480 2567 absens
1510 2525 1644 2568 non
1670 2506 1832 2570 bene
1862 2513 2079 2573 noster
2107 2509 2300 2574 abest.

527 2606 853 2672 Imbribus
881 2631 920 2674 a
945 2610 1190 2694 pluviis
1219 2616 1425 2681 undas
1456 2617 1600 2681 fons
1629 2617 1746 2682 illa
1772 2620 2060 2686 vicissim

635 2719 946 2804 Accipiet,
977 2724 1137 2791 rivis
1166 2726 1547 2812 desilietque
1578 2731 1802 2795 novis:

523 2830 729 2897 Nulla
756 2838 974 2901 tamen
1001 2841 1279 2904 veniunt
1306 2843 1492 2906 nobis
1526 2844 1757 2908 solatia
1783 2844 2038 2911 luctus:

616 2947 718 3026 Et,
748 2948 1082 3028 Duncane,
1112 2953 1236 3016 tibi
1264 2956 1541 3018 crastina
1570 2955 1754 3019 nulla
1782 2957 1934 3022 dies.

618 3061 916 3125 Crastina
942 3063 1261 3127 Duncano
1290 3086 1422 3129 non
1450 3067 1633 3129 venit
1666 3066 1804 3130 ulla
1832 3067 1984 3132 dies,
2012 2972 2058 3142 }

511 3213 802 3277 Dextera
829 3213 1128 3278 messoris
1163 3234 1355 3278 canas
1384 3214 1703 3298 decerpsit
1729 3217 1956 3282 aristas
1983 3242 1998 3281 :

625 3326 765 3389 Nos
792 3326 1025 3390 flemus
1053 3325 1286 3390 moesta
1313 3347 1469 3392 voce
1500 3328 1686 3393 virile
1719 3329 1929 3396 decus.

519 3437 781 3502 Scilicet
809 3439 1135 3502 Autumni
1164 3439 1449 3504 violento
1478 3441 1744 3506 flamina
1772 3463 1964 3507 cursu

620 3551 961 3616 Flaventes
991 3551 1253 3635 rapiunt
1281 3552 1435 3617 inde
1463 3554 1570 3617 vel
1597 3554 1750 3621 inde
1780 3575 1992 3620 comas
2021 3582 2035 3621 ε

507 3663 642 3727 Vix
674 3668 893 3727 tamen
922 3662 1034 3728 ille
1063 3663 1257 3727 dabat
1285 3685 1570 3748 gemmas
1599 3667 2007 3750 primumque
2037 3672 2332 3736 ruborem

621 3774 973 3851 Flosculus,
1002 3781 1080 3839 ut
1106 3797 1388 3860 praesens
1418 3778 1672 3842 adstitit
1701 3785 1839 3843 atra
1868 3780 2020 3844 dies,

1042 3995 1558 4062 EXERCISE
1623 3997 1840 4063 CVII.

499 4135 715 4198 Litora
744 4135 1154 4200 dinumerent
1181 4136 1295 4200 alii
1323 4137 1678 4203 redolentia
1706 4147 1938 4224 myrtO,
2121 4148 2167 4321 }

500 4247 819 4312 Suavibus
849 4254 1226 4312 enumerent
1256 4250 1369 4314 0111
1396 4250 1538 4316 loca
1569 4252 1820 4317 consita
1847 4252 2094 4338 myrtis,

612 4361 809 4434 Queis
839 4361 1047 4425 nitido
1078 4361 1233 4426 solis
1261 4364 1528 4429 numine
1559 4366 1788 4430 crescit
1817 4365 1983 4430 odor.

1428 4492 1467 4538 o

2459 490 2538 553 33
