3181 4990
790 405 915 468 IN
950 406 1077 469 LA
1098 404 1279 467 TIN
1312 403 1764 472 ELEGIAC
1819 406 2158 472 VERSE.

918 715 1435 792 EXERCISE
1492 717 1780 784 XVIII.
1827 718 2039 783 XIX.
2077 716 2081 719 ⁴

519 882 613 947 At
642 884 923 969 comites,
941 883 1214 968 dormire
1236 886 1472 969 jubent
1502 905 1892 970 superosque
1920 888 2166 971 precari
2195 911 2209 949 :

632 996 727 1060 At
756 1017 937 1062 mens
969 997 1199 1062 delirat
1228 1004 1395 1063 torta
1421 999 1634 1062 furore
1664 999 1844 1064 mihi.

520 1107 864 1175 Montanus
894 1111 1065 1175 inter
1091 1131 1339 1193 nequeo
1370 1111 1646 1175 dormire
1680 1101 1960 1175 salebras
1985 1137 2000 1191 3

632 1221 979 1287 Montanus
1009 1224 1215 1287 nescit
1242 1223 1466 1307 lingua
1494 1225 1725 1288 referre
1754 1245 1986 1307 preces.

517 1334 747 1399 Ponite
774 1355 879 1399 me
907 1334 1161 1418 placido
1191 1335 1319 1418 qua
1347 1335 1590 1399 labitur
1618 1336 1813 1399 Allia
1847 1356 2055 1414 cursu,

629 1445 770 1510 Aut
802 1448 917 1511 ubi
946 1447 1397 1511 natalesDeva
1424 1455 1706 1531 pererrat
1735 1468 1932 1533 agrOS,

518 1556 727 1635 Quam
758 1558 976 1625 dulces
1008 1581 1260 1644 carpam
1290 1579 1564 1638 somnos,
1600 1560 1797 1644 quam
1826 1561 1948 1625 rite
1978 1563 2282 1644 precabor

630 1671 907 1738 Claudat
935 1679 1012 1736 ut
1043 1673 1343 1737 hibernos
1373 1673 1528 1737 hora
1556 1693 1857 1756 suprema
1886 1673 2063 1738 dies!

514 1895 621 1959 Sic
652 1902 686 1929 “
707 1896 875 1960 nodo
894 1895 929 1922 '’
960 1896 1278 1980 (memini)
1314 1897 1619 1960 dixerunt
1645 1903 1684 1929 “
1705 1897 1935 1981 collige
1965 1898 2187 1973 crines,
2253 1916 2258 1921 “

629 2013 663 2041 “
685 2008 951 2091 Templa
980 2007 1085 2073 dei
1114 2010 1325 2073 fausto
1354 2028 1507 2072 mox
1536 2009 1780 2073 initura
1807 2010 1970 2093 pede
1994 2033 2012 2090 ;

515 2127 549 2154 “
572 2121 716 2184 Lux
747 2121 1107 2204 Hymenaea
1137 2121 1262 2185 tibi
1292 2122 1533 2205 surgit3
1580 2123 1742 2205 quin
1772 2122 1964 2187 obvia
1992 2123 2206 2188 tendis

628 2240 664 2267 “
688 2231 831 2310 Quo
863 2233 1111 2298 dudum
1140 2240 1439 2317 expectat
1466 2240 1533 2299 te
1566 2235 1731 2299 bene
1762 2236 1930 2300 fidus
1958 2256 2180 2301 amans
2200 2236 2353 2301 2”—·-

512 2345 607 2409 At
639 2344 805 2411 male
831 2346 950 2410 lux
982 2352 1201 2430 pereat
1230 2345 1375 2430 quae
1403 2347 1549 2411 fuso
1580 2348 1893 2432 sanguine
1921 2348 2090 2414 risus

625 2458 967 2537 Dedocuit,
1000 2459 1187 2524 saevis
1215 2459 1547 2526 fraudibus
1578 2481 1712 2538 usa,
1743 2481 1958 2526 meos:

508 2573 681 2637 Nam
712 2573 907 2637 simul
937 2594 1011 2638 ac
1040 2573 1177 2638 ficti
1205 2574 1508 2657 fugerunt
1535 2574 1771 2658 gaudia
1799 2575 1941 2652 visi,

625 2685 745 2750 Nil
771 2685 899 2751 nisi
927 2686 1267 2770 singultus,
1298 2687 1397 2750 nil
1426 2687 1555 2750 nisi
1582 2687 1852 2772 plangor
1880 2693 2030 2752 erat.

961 3011 1479 3079 EXERCISE
1535 3014 1708 3078 XX.
1756 3014 1965 3078 XXI.

388 3241 393 3248 .
507 3194 788 3277 Tempus
818 3192 1037 3256 adest:
1080 3193 1327 3276 linquis
1356 3193 1649 3276 patriam,
1681 3193 2010 3258 carissima
2037 3213 2288 3273 rerum3

620 3306 785 3370 Ecce
808 3306 984 3371 subit
1011 3313 1272 3390 portum
1298 3326 1451 3369 mox
1480 3305 1735 3370 abitu-ra
1762 3305 1933 3372 ratis·

507 3397 920 3503 Amplexune
942 3425 1056 3483 tuo
1086 3419 1380 3484 divulsus
1408 3419 1629 3483 vivere
1657 3423 1964 3501 possum?
2092 3469 2100 3474 .
2201 3469 2210 3476 .

622 3533 986 3613 Solvimur3
1030 3538 1097 3596 et
1127 3531 1428 3597 comitem
1457 3516 1561 3596 me
1592 3532 1716 3595 tibi
1743 3532 1878 3596 fata
1905 3538 2157 3617 negant.

508 3646 667 3723 Quae
694 3650 905 3710 tumet
931 3645 1107 3709 unda
1133 3651 1369 3720 tamen,
1404 3665 1549 3732 quae
1578 3664 1648 3708 se
1675 3645 1901 3728 procul
1928 3645 2144 3709 insula
2170 3647 2361 3724 tollit,

618 3758 794 3846 Voce
823 3757 1163 3822 salutanda
1191 3761 1292 3821 est
1319 3763 1594 3840 utraque
1623 3777 1790 3839 saepe
1820 3755 1962 3820 mea
1989 3780 2094 3819 :—
2233 3846 2239 3850 ι
2423 3739 2428 3745 ’

506 3877 542 3903 “
572 3868 699 3933 Illa
726 3875 909 3953 parte
938 3870 1102 3934 Vale
1132 3889 1249 3934 nos
1274 3853 1561 3933 diximus
1593 3889 1700 3934 ore
1729 3888 2026 3953 supremo
2052 3893 2070 3949 ;
2205 3955 2211 3960 Δ

620 3982 771 4047 Illic
806 3984 1081 4048 extremi
1113 3983 1427 4048 delituere
1458 3981 1688 4049 sinus.''

383 4214 389 4219 '
508 4208 689 4291 Saepe
718 4226 834 4290 ego
862 4225 980 4290 per
1007 4207 1209 4270 solam
1237 4207 1563 4290 spatiabor
1590 4205 1766 4270 solus
1797 4221 2056 4271 arenam

620 4320 885 4404 Mergus
914 4319 1030 4385 ubi
1055 4319 1337 4385 volitans
1366 4319 1517 4384 inde
1546 4318 1658 4384 vel
1683 4319 1839 4384 inde
1867 4318 2110 4404 gemit:
