3181 4990
686 416 691 421 ·
786 394 910 459 [Ν
943 351 1273 459 ιΑΤῘΝ
1308 393 1759 462 ELEGJAC
1811 394 2156 461 VERSE.
2268 410 2324 463 us
2431 406 2522 476 15

528 589 615 653 Te
642 587 923 672 petimus
952 592 1212 672 portum
1234 588 1467 672 jactati
1480 634 1483 639 -
1496 589 1756 656 turbine
1788 588 1958 665 vitae,

640 701 739 764 Tu
768 702 996 766 domus
1027 700 1266 767 aeterna
1298 722 1426 768 non
1458 702 1746 786 peritura
1775 702 1894 771 die,

530 814 808 878 Umbrat
832 815 951 878 ubi
965 819 1181 880 'terras
1211 814 1397 879 sedes
1426 815 1579 891 Tua,
1609 814 1758 881 sede
1788 815 1910 879 sub
1937 812 2054 879 illa

642 927 808 991 Pace
834 920 961 1011 piis
989 927 1183 991 liceat
1212 948 1480 1011 semper,
1511 932 1590 991 ut.
1615 932 1782 1003 ante,
1814 928 1962 993 frui.

528 1039 628 1103 Tu
656 1039 847 1121 modq
878 1039 967 1104 sis
995 1060 1291 1124 praesenS‚
1322 1040 1481 1123 quid
1511 1061 1643 1104 non
1672 1041 1810 1104 Tua
1839 1040 2105 1104 dextera
2131 1040 2388 1123 possit?

643 1150 743 1215 Tu
772 1157 978 1216 eastra
1006 1151 1261 1215 infensa
1289 1172 1422 1215 non
1453 1151 1758 1215 violanda
1784 1172 1997 1216 manu.

531 1372 840 1439 Nondum
868 1374 1143 1459 quisque
1175 1395 1291 1439 suo
1321 1375 1578 1439 stabant
1609 1396 1691 1440 ex
1721 1375 1941 1440 ordine
1969 1381 2239 1452 monteS,

643 1487 951 1552 Nondum
984 1494 1122 1552 erat
1148 1489 1221 1551 in
1249 1489 1519 1553 formam
1548 1495 1718 1553 kerra
1747 1494 1964 1554 coacta
1993 1510 2192 1566 suam,

533 1601 802 1686 [Ordine
837 1602 1031 1685 quam
1061 1608 1313 1668 montes
1341 1603 1673 1668 haeserunt
1703 1609 1870 1681 ante,
1899 1594 2277 1688 priusquam
2407 1608 2425 1625 ·’

646 1714 729 1778 In
758 1714 1031 1779 formam
1058 1717 1257 1781 tellus
1288 1722 1388 1781 est
1416 1718 1738 1801 patefacta
1767 1717 1995 1800 suam‚]

532 1827 632 1890 Tu
658 1832 877 1892 tamen
906 1848 975 1893 es
1004 1829 1214 1911 primo
1244 1829 1423 1893 Deus
1454 1830 1834 1893 immortalis
1865 1830 1946 1893 ab
1977 1850 2112 1893 aevo
2137 1854 2154 1908 ;

647 1940 808 2003 Fine
838 1960 1059 2004 carens
1092 1941 1268 2005 idem
1298 1946 1556 2023 tempus
1586 1942 1658 2004 in
1689 1961 1878 2005 omne
1907 1962 2142 2007 manes,
2229 1920 2233 1924 ¹

533 2050 777 2115 Saeeula
804 2057 1195 2134 praetereunt
1224 2051 1416 2117 celeri
1444 2053 1594 2117 Tibi
1624 2053 1806 2117 mille
1836 2053 2080 2131 volatu,

649 2163 847 2227 Haud
876 2184 1059 2229 secus
1088 2185 1163 2227 ae
1191 2164 1440 2249 Vesper
1466 2164 1846 2249 praeteriisse
1877 2165 2074 2231 solet:

537 2276 763 2353 Qualis
792 2282 859 2340 et
888 2276 1045 2340 hora
1073 2277 1260 2360 fugit,
1287 2278 1466 2341 noeti
1496 2278 1770 2343 confinis
1800 2279 2003 2355 iturae,

646 2389 820 2453 Ante
852 2389 1061 2452 oriens
1091 2410 1286 2471 quam
1319 2389 1428 2453 Sol
1458 2390 1578 2453 sub
1603 2390 1762 2474 juga
1789 2391 1969 2454 misit
1999 2410 2210 2473 equos,

533 2613 833 2678 Assiduis
851 2607 875 2645 ¹
907 2614 1113 2678 veluti
1143 2614 1379 2679 fluvius
1409 2613 1778 2681 devolvitur
1805 2616 2015 2694 undiS,

651 2726 733 2789 In
761 2748 1044 2811 praeeeps
1073 2727 1260 2792 AEtas
1290 2750 1486 2811 seque
1517 2749 1794 2813 suosque
1823 2730 2010 2813 rapit.

536 2837 752 2922 Ignoti
779 2839 1056 2923 fugiunt,
1088 2841 1299 2923 qualis
1328 2842 1622 2905 vanescit
1649 2842 1879 2926 image,

653 2951 869 3014 Prima
896 2951 1014 3014 ubi
1043 2952 1155 3015 dat
1182 2953 1412 3028 lucem,
1444 2973 1563 3017 nee
1594 2959 1814 3017 tamen
1843 2958 1996 3029 orta,
2030 2952 2182 3016 dies.

539 3062 901 3127 Praeteritos
934 3062 1086 3126 olim
1120 3064 1305 3126 nobis
1334 3063 1542 3127 tutela
1573 3085 1691 3146 per
1721 3085 1940 3142 annOS,

653 3176 709 3240 Ο
741 3196 887 3260 spes
914 3175 1172 3240 venfiuri
1202 3175 1508 3258 temporis
1539 3197 1685 3254 una,
1717 3176 1898 3241 Deus
1923 3201 1940 3255 ;

539 3289 805 3372 Semper
832 3289 981 3353 ades
1010 3293 1225 3352 custos
1255 3286 1458 3365 nobie„
1492 3288 1649 3352 dum
1670 3289 1810 3353 vita
1836 3289 2164 3367 manebit3

656 3402 758 3468 Sis
788 3401 1015 3466 domus
1045 3400 1283 3466 aeterna
1312 3422 1442 3465 non
1470 3401 1758 3485 peritura
1787 3402 1906 3466 die.

1017 3679 1535 3746 EXERCISE
1579 3680 1856 3747 XLIX.
1902 3681 1983 3744 L.

543 3848 853 3916 Phasidos
885 3850 965 3915 ad
995 3851 1170 3933 ripas
1200 3850 1431 3914 florent
1459 3848 1602 3913 loca
1627 3850 1822 3932 plena
1848 3869 2152 3928 rosarum,

659 3962 894 4028 Cantat
921 3963 1037 4026 ubi
1070 3962 1252 4026 nullo
1282 3983 1414 4028 non
1445 3962 1808 4026 Philomela
1836 3962 1940 4027 die
1968 3988 1982 4028 :

542 4075 728 4139 Inter
755 4075 895 4140 avis
925 4081 1152 4140 cantus
1181 4075 1478 4158 interque
1512 4075 1753 4142 rosaria
1781 4075 2104 4157 quondam

660 4187 899 4252 Suavia
927 4192 1081 4251 sunt
1109 4193 1346 4253 tenerae
1376 4187 1626 4251 somnia
1651 4187 1795 4252 visa
1822 4186 2000 4251 mihi.

955 4328 973 4362 ¹
1001 4331 1080 4382 Cf.
1108 4331 1257 4398 Virg.
1284 4332 1407 4383 AEn.
1435 4347 1486 4382 v.
1514 4332 1618 4382 866
1644 4351 1657 4382 =
1695 4331 1909 4382 assiduo
1934 4330 2057 4382 sale.
