3181 4990
694 431 732 478 2
864 413 1097 478 KEY
1143 413 1261 478 TO
1304 411 2023 478 PROGRESSIVE
2068 409 2649 477 EXERCISES
2784 501 2791 508 .

774 609 1016 672 Desere
1045 606 1449 692 longinquos,
1482 605 1689 671 tristis
1721 605 2096 683 Philomela,
2126 625 2435 680 recessus,

893 720 1079 785 Oelat
1106 721 1223 784 ubi
1251 719 1481 783 nidum
1510 719 1677 784 silva
1704 723 1951 783 remota
1978 723 2169 782 tuum
2197 743 2210 782 :

781 833 913 896 ch
943 833 1067 897 tibi
1095 832 1245 896 flere
1274 832 1446 910 licet,
1479 832 1663 896 sedes
1685 829 1794 896 hlc
1822 831 1993 896 inter
2022 830 2261 895 amicas

892 943 1142 1029 Arguto
1172 944 1474 1029 querulos
1504 965 1611 1009 ore
1641 944 1807 1009 ciere
1835 942 2074 1008 modos.

1382 1222 1901 1289 EXERCISE
1944 1222 2073 1287 IV.

777 1393 930 1455 Non
958 1391 1203 1456 saliunt
1233 1390 1421 1455 nobis
1452 1390 1710 1454 tumida
1739 1389 1911 1453 inter
1938 1389 2103 1454 retia
2131 1389 2339 1473 pisces
2364 1414 2380 1470 ;
2422 1467 2429 1470 ,

892 1503 1162 1568 AEthera
1189 1524 1321 1567 nox
1349 1502 1597 1587 pluviis
1625 1502 1910 1566 nubibus
1940 1505 2079 1565 atra
2106 1502 2306 1585 tegit:

777 1616 844 1679 N
846 1636 973 1680 unc
999 1615 1233 1680 validis
1263 1621 1535 1698 tempus,
1567 1614 1851 1690 comites,
1879 1613 2252 1679 incumbere
2282 1613 2491 1689 remis,

893 1729 1110 1793 Litora
1138 1749 1292 1792 nam
1319 1727 1519 1792 refluo
1551 1726 1790 1792 deserit
1817 1725 1996 1790 unda
2026 1725 2176 1792 salo,

779 1839 1019 1905 Moesta
1047 1840 1269 1905 cohors
1299 1840 1461 1905 secti
1489 1840 1601 1904 dat
1629 1839 1905 1936 flammis
1939 1859 2206 1903 munera
2232 1839 2411 1923 ligni,

897 1953 1185 2036 Quaeque
1215 1973 1544 2018 reversuro
1573 1973 1706 2016 non
1734 1950 1902 2016 male
1929 1972 2121 2035 parca
2147 1953 2304 2018 viro,

708 2085 722 2095 ·
778 2065 985 2129 Parva
1014 2065 1276 2148 quidem
1305 2066 1538 2149 cymba
1567 2070 1682 2142 est,
1710 2070 2057 2149 tempestas
2086 2064 2343 2130 horrida
2376 2062 2578 2139 saevit,

893 2178 1212 2262 Irritaque
1243 2176 1459 2242 allisas
1487 2198 1618 2241 vox
1648 2177 1822 2241 cadit
1849 2177 2021 2240 inter
2050 2197 2249 2260 aquas
2278 2201 2293 2240 :

784 2289 1070 2372 Iratique
1099 2290 1292 2354 maris
1321 2290 1695 2353 minitantia
1722 2310 2052 2353 murmura
2083 2288 2381 2372 gliscunt,

896 2402 1183 2487 Quaeque
1213 2403 1497 2466 fremunt
1524 2402 1700 2466 tristi
1730 2402 2003 2466 stridula
2030 2400 2229 2465 flabra
2258 2421 2413 2466 sono
2440 2425 2453 2464 ε

783 2514 908 2579 Sed
936 2515 1149 2599 pelagi
1175 2514 1430 2590 frustra,
1459 2515 1699 2578 frustra
1725 2515 1884 2577 furit
1912 2514 2009 2577 ira
2036 2513 2366 2597 procellae3

892 2627 1193 2710 Excipiet
1220 2625 1487 2690 reduces
1516 2647 1635 2690 nos
1664 2626 1775 2709 pia
1801 2627 2062 2689 flamma
2091 2626 2219 2689 foci
2246 2650 2259 2689 ε

779 2740 857 2823 Ej
864 2760 903 2803 a
931 2738 1113 2822 agite,
1147 2739 1202 2801 Ο
1231 2737 1517 2814 comites,
1548 2758 1633 2801 en
1659 2736 1788 2802 late
1818 2737 2044 2802 sideris
2073 2738 2277 2801 instar

893 2851 1038 2914 Lux
1067 2851 1264 2914 micat
1294 2872 1330 2915 e
1361 2850 1617 2915 summa
1647 2856 1839 2928 turre,
1871 2850 2183 2935 docetque
2212 2850 2403 2914 viam.

783 2964 1064 3048 Jamque
1089 2964 1601 3047 propinquantes
1629 2963 1854 3047 rapido
1882 2985 1998 3047 per
2024 2963 2215 3027 litora
2243 2983 2435 3029 cursu

895 3077 1234 3141 Cernimus
1263 3077 1390 3141 huc
1420 3077 1579 3141 illuc
1610 3077 1702 3142 ire
1730 3076 1936 3141 redire
1965 3076 2134 3142 faces
2162 3101 2174 3141 :

783 3190 935 3253 Sera
964 3191 1144 3273 prius
1173 3190 1402 3254 mediae
1436 3189 1631 3273 quam
1662 3191 1869 3255 noctis
1899 3191 2136 3275 fugerit
2163 3190 2319 3253 hora

882 3296 1015 3364 ‘Fas
1045 3301 1168 3365 erit
1193 3302 1379 3365 irriso
1410 3301 1641 3366 ducere
1668 3300 1854 3385 pocla
1882 3302 1951 3364 N
1950 3307 2072 3365 oto.

1245 3578 1764 3645 EXERCISE
1842 3576 1990 3642 V.—
2020 3577 2209 3644 VIII.

781 3745 906 3808 Ore
936 3743 1146 3808 favete
1176 3764 1416 3821 omnes,
1444 3744 1718 3828 genialis
1747 3745 1953 3821 turba,
1983 3744 2221 3828 puellae
2246 3770 2262 3825 ;

895 3855 1098 3920 Nulla
1125 3857 1399 3939 superba
1424 3857 1552 3921 viri
1577 3856 1749 3921 facta
1776 3878 1897 3922 nec
1927 3878 2101 3921 arma
2132 3879 2328 3923 cano:

780 3968 932 4031 Non
960 3967 1090 4033 nisi
1116 3968 1495 4033 blandisono
1525 3973 1720 4033 cantu
1748 3969 2048 4054 tristique
2077 3971 2335 4054 querela

894 4079 1230 4145 Ploramus
1259 4080 1486 4158 fatum,
1515 4081 1893 4159 Laodamia,
1924 4087 2131 4147 tuum.

781 4194 932 4257 Huc
958 4192 1145 4276 agite,
1177 4192 1232 4257 Ο
1264 4194 1421 4257 socii
1448 4194 1663 4272 forteS,
1692 4195 1956 4280 religate
1986 4195 2304 4261 carinam:

894 4305 1134 4388 Tuque,
1164 4293 1400 4389 precor,
1428 4306 1723 4390 paullum
1754 4308 1925 4385 siste,
1954 4308 2187 4392 puella,
2217 4308 2406 4373 viam.
