3181 4990
721 432 844 495 [Ν
879 429 1009 495 LA
1028 430 1205 496 TJN
1239 432 1692 499 ELEGJAC
1746 431 2089 501 VERSE.
2387 454 2463 519 19

480 622 717 689 Oscula
744 646 919 690 nunc
947 626 1175 703 libant,
1204 632 1477 693 nectunt
1504 626 1697 695 modo
1726 628 1892 693 colla
1922 627 2197 706 lacertis,

576 738 645 802 N
642 758 771 802 unc
799 739 1101 804 manibus
1130 745 1375 805 certant
1406 741 1802 807 conseruisse
1836 756 2082 807 manus.

476 849 804 934 Palpebrae
832 852 1048 917 subita
1075 853 1403 937 trepidant
1432 854 1809 939 adspergine
1840 854 2093 933 clausae,

571 964 659 1026 Et
685 962 951 1029 lacrima
982 965 1055 1030 in
1082 967 1295 1031 medio
1323 966 1592 1049 pulvere
1621 966 1804 1050 lapsa
1831 967 2022 1033 cadit.

476 1164 779 1241 Protinus
807 1174 1118 1241 immissis
1147 1177 1435 1261 equitare
1470 1183 1569 1242 est
1597 1178 1779 1243 visus
1806 1175 2095 1256 habeniS,

573 1288 698 1353 P'er
726 1289 914 1373 Nigri
943 1289 1114 1372 ripas
1148 1289 1597 1373 praecipitabat
1625 1291 1762 1355 iter.

470 1400 651 1465 Auro
679 1402 853 1465 facta
878 1400 1089 1466 vicem
1116 1402 1467 1467 froenorum
1495 1402 1760 1467 vincula
1785 1406 2094 1486 praestant
2119 1428 2135 1483 ;

569 1514 1022 1597 Oastrensique
1052 1521 1313 1598 crepant
1342 1514 1583 1579 Martia
1611 1516 1742 1581 tela
1770 1535 1926 1580 sono
1953 1541 1968 1581 ;

472 1625 789 1710 Dumque,
804 1627 941 1690 abit
969 1627 1322 1705 exsultans,
1359 1628 1541 1696 audit
1571 1649 1700 1712 quo
1729 1629 1990 1693 verbere
2020 1634 2230 1695 costas

571 1737 823 1823 Vagina
851 1739 1134 1805 ardentis
1161 1739 1365 1805 ferrea
1391 1740 1608 1824 pulset
1637 1740 1803 1824 equi.

470 1949 669 2014 Haud
698 1972 881 2016 secus
910 1972 985 2016 ac
1013 1950 1229 2016 fluitat
1255 1952 1485 2017 vexilli
1510 1973 1798 2037 purpura
1824 1952 2021 2031 rubri,

569 2063 789 2128 Ibides
821 2069 968 2129 ante
998 2064 1232 2142 mulce,
1268 2065 1608 2149 splendida
1635 2066 1840 2143 turba,
1870 2064 2108 2133 volant.

478 2175 601 2240 Per
629 2197 887 2260 campos
921 2177 1230 2261 sequitur,
1257 2178 1539 2261 platanis
1567 2179 1710 2243 loca
1737 2178 2001 2257 consita,
2031 2198 2288 2243 cursum
2319 2198 2332 2239 :

569 2290 741 2355 Luce
770 2290 1015 2354 oriente
1043 2296 1229 2375 urget
1255 2289 1401 2355 luce
1430 2290 1699 2355 cadente
1729 2292 1962 2375 fugam.

471 2402 849 2466 Maurarum
876 2403 1142 2467 tandem
1168 2409 1535 2486 prospectat
1566 2408 1740 2469 tecta
1769 2424 2077 2481 casarum,

573 2515 1013 2601 Immensique
1042 2516 1265 2601 procul
1293 2516 1603 2599 panditur
1631 2517 1807 2584 unda
1838 2517 2049 2582 maris.

468 2725 703 2793 Audiit
729 2729 1042 2796 horrenda
1070 2735 1415 2796 nocturnos
1443 2751 1602 2796 voce
1629 2729 1864 2808 leones,

571 2843 659 2906 Et
686 2841 881 2907 variae
906 2843 1151 2910 circum
1181 2844 1621 2910 confremuere
1648 2844 1812 2908 ferae.

468 2954 576 3019 Fit
602 2955 826 3039 fragor,
856 2961 932 3019 ut
960 2961 1193 3020 stratos
1222 2957 1586 3040 perrumpit
1615 2955 1832 3020 bellua
1852 2955 2102 3038 juncos,

569 3067 785 3150 Serpit
812 3067 929 3130 ubi
956 3067 1173 3131 tacitis
1204 3067 1464 3132 abditus
1488 3067 1704 3149 amnis
1734 3066 1918 3150 aquis
1948 3090 1962 3130 :

467 3179 670 3244 Venit
698 3159 765 3244 et
792 3179 865 3243 in
893 3179 1135 3244 somnis
1170 3180 1327 3244 echo
1356 3177 1666 3264 mistique
1695 3177 2036 3255 tumultuS,

568 3292 771 3369 Quale
801 3297 986 3357 sonat
1013 3311 1268 3375 pompae
1293 3290 1748 3375 praetereuntis
1777 3290 1916 3356 iter.

457 3499 493 3525 “
509 3493 700 3558 Liber
732 3492 908 3570 eris?
936 3491 1117 3558 silvae
1145 3513 1278 3556 non
1304 3513 1436 3557 uno
1464 3511 1793 3556 murmure
1822 3489 2222 3566 clamant,—

557 3607 747 3671 Mille
777 3606 974 3671 simul
1004 3604 1337 3689 geminant
1366 3624 1716 3681 murmura,
1747 3611 1782 3638 “
1801 3604 1993 3668 Liber
2021 3601 2200 3668 eriS.”

454 3718 606 3782 Non
635 3718 779 3782 aliis
806 3724 1107 3782 resonant
1134 3716 1492 3783 ululatibus
1523 3717 1670 3780 avia
1697 3716 1958 3799 passim,

561 3830 1085 3915 Bacchantesque
1114 3830 1398 3894 fremunt
1425 3850 1539 3914 per
1564 3829 1709 3893 loca
1736 3828 1873 3892 sola
1901 3823 2078 3892 Noti.

455 3943 734 4008 Horruit
761 3943 833 4007 in
862 3943 1147 4009 somnis:
1192 3941 1740 4026 comissantesque
1767 3941 2063 4025 procellae

555 4057 735 4120 Dum
761 4055 1016 4135 ludunt,
1045 4055 1148 4120 illi
1174 4055 1343 4120 risus
1376 4055 1449 4120 in
1478 4075 1585 4120 ore
1615 4053 1810 4120 sedet.

450 4255 908 4341 Nequidquam
936 4255 1194 4321 scuticae
1223 4255 1560 4320 minitatur
1584 4253 1853 4320 verbera
1880 4255 2094 4317 custos
2119 4273 2136 4329 ;

561 4369 680 4433 Nil
706 4374 845 4433 toto
877 4367 1062 4434 laedit
1090 4368 1375 4432 fervidus
1405 4367 1554 4450 igne
1584 4366 1722 4431 dies
1749 4391 1762 4430 ε
