3181 4990
661 410 746 474 16
832 406 1070 473 KEY
1115 405 1237 471 TO
1279 397 1998 469 PROGRESSIVE
2040 395 2623 465 EXERCISES

746 602 834 666 Et
862 600 963 666 vel
996 599 1225 676 adhuc,
1252 617 1451 662 verno
1480 596 1757 661 meditor
1785 594 1942 660 dum
1970 593 2108 658 sola
2137 592 2260 658 sub
2290 614 2475 668 anno,

860 713 945 777 In
972 717 1257 776 mentem
1284 710 1556 775 redeunt
1584 709 1815 773 umbra
1840 706 2171 791 melosque
2198 728 2407 773 meam
2434 733 2448 772 :

747 827 858 890 An
887 825 1064 891 canit
1095 824 1168 888 in
1197 823 1406 889 solitis
1433 822 1625 886 hodie
1653 821 2015 887 Philomela
2040 819 2305 886 latebris
2329 824 2355 884 2

862 939 1063 1004 Estne
1091 937 1286 1001 rubor
1312 935 1456 1000 flori
1483 936 1601 1020 qui
1628 935 1757 999 fuit
1785 937 1979 998 ante?
2022 953 2191 1017 rogo.

752 1123 1073 1191 Sternitur
1099 1124 1230 1188 heu
1257 1123 1430 1187 foliis
1457 1122 1830 1187 tabentibus
1858 1121 2035 1185 unda
2059 1144 2076 1200 ;
2122 1121 2236 1185 sed
2264 1121 2490 1186 horum

862 1237 1066 1321 Copia
1093 1237 1393 1321 decerpta
1421 1243 1535 1314 est,
1567 1235 1725 1299 dum
1753 1235 2003 1298 nituere
2031 1255 2231 1312 rosae;

753 1350 1058 1432 Quosque
1087 1348 1279 1432 calyx
1306 1353 1520 1433 gratos
1550 1347 1827 1411 stillavit
1852 1366 2110 1430 pressus
2139 1345 2361 1410 odores

867 1461 1190 1525 AEstatem
1218 1459 1504 1524 referunt
1527 1481 1544 1537 ;
1589 1462 1735 1523 acta
1766 1459 1853 1523 sit
1882 1458 1997 1521 illa
2022 1458 2191 1524 licet.

755 1574 861 1638 Sic
890 1572 1143 1657 aliquid
1171 1571 1308 1635 laeti
1336 1571 1550 1636 media
1577 1570 1750 1635 inter
1776 1571 2014 1656 gaudia
2039 1576 2295 1654 raptum

870 1686 953 1750 In
982 1684 1252 1749 memori
1282 1704 1534 1768 semper
1562 1685 1779 1749 vivere
1809 1690 2027 1748 mente
2058 1683 2259 1748 solet:

758 1799 979 1882 thue
1008 1797 1213 1862 oculis
1243 1797 1388 1862 risit
1415 1797 1580 1862 lenis
1610 1817 1809 1881 prope
1837 1795 2151 1860 Phasidos
2180 1797 2405 1874 undas,

873 1911 977 1975 Sic
1007 1911 1221 1975 animo
1250 1910 1418 1974 ridet
1446 1911 1654 1996 gratia
1682 1909 1894 1994 prisca
1918 1908 2059 1972 loci.

1257 2167 1773 2234 EXERCISE
1831 2167 1952 2232 LI.
1998 2169 2161 2233 LII.

773 2325 940 2390 Ecce
967 2323 1146 2389 lacus
1177 2326 1448 2389 summis
1483 2323 1579 2389 sol
1609 2323 1868 2408 pronior
1900 2322 2166 2389 incubat
2196 2325 2424 2405 undis3

881 2437 1222 2503 Silvestres
1253 2437 1472 2503 avium
1501 2438 1866 2503 conticuere
1897 2436 2113 2502 chori:

776 2550 1057 2635 Majores
1085 2551 1275 2615 solito
1306 2551 1569 2634 tingunt
1595 2552 1755 2635 juga
1784 2550 2086 2634 Vesperis
2114 2552 2358 2616 umbrae
2388 2578 2491 2616 2--

877 2664 976 2727 Tu
1003 2664 1226 2748 longas
1261 2663 1459 2741 ducis
1491 2663 1858 2741 Protesilae,
1887 2684 2111 2730 moras.

777 2776 848 2840 Si
879 2796 1057 2859 quos,
1087 2796 1383 2840 curarum
1414 2775 1609 2841 series
1638 2776 1929 2860 variique
1964 2775 2212 2843 labores

880 2890 936 2952 E
971 2888 1118 2954 cara
1147 2895 1385 2973 cogunt
1417 2889 1673 2973 longius
1702 2890 1795 2954 ire
1826 2887 2014 2954 domo
2040 2914 2057 2970 3

778 3001 1094 3067 Occiduos
1122 3002 1288 3067 lenis
1319 3001 1474 3066 dum
1505 3003 1789 3067 Phoebus
1818 3008 2134 3087 temperat
2164 3004 2362 3088 ignes,

881 3115 1140 3180 Dilecto
1166 3114 1354 3180 lateri
1374 3115 1632 3199 jungite
1661 3115 1934 3198 quisque
1962 3114 2151 3181 latus,

780 3299 948 3365 Ecce
978 3300 1152 3365 diem
1180 3306 1390 3365 totum
1421 3302 1643 3365 vacuis
1669 3303 1784 3384 qui
1812 3304 2011 3367 nabat
2038 3304 2109 3367 in
2138 3303 2331 3369 undis

882 3412 1176 3498 Remigio
1207 3414 1445 3477 sociam
1473 3434 1720 3499 cygnus
1750 3416 1992 3499 ubique
2019 3417 2188 3499 petit
2216 3441 2233 3481 ε

781 3526 1140 3610 Lustraque
1171 3525 1327 3589 dum
1357 3546 1583 3591 cervus
1612 3529 1848 3611 repetit
1876 3530 2197 3594 silvestria
2224 3551 2417 3595 cursu

882 3640 1096 3703 Dama
1125 3640 1302 3705 subit
1330 3640 1528 3705 tardae
1556 3662 1833 3725 parsque
1862 3662 2200 3726 comesque
2234 3644 2383 3709 viae.·

784 3750 1053 3830 Interea,
1085 3773 1337 3818 consors
1366 3754 1584 3837 posuit
1613 3753 1740 3837 qua
1771 3756 2061 3836 proxima
2088 3757 2322 3833 sedem,

871 3864 1143 3929 Gan-ula
1172 3886 1542 3949 supremum
1571 3866 1816 3930 claudit
1844 3867 2075 3932 alauda
2102 3869 2317 3935 melos,

870 3976 1122 4041 Ultima
1151 3998 1521 4061 supremum
1553 3978 1751 4063 garrit
1778 3980 2010 4045 alauda
2037 3982 2254 4048 melos.
2346 3888 2390 4057 l

789 4090 999 4166 Quem
1028 4109 1160 4152 non
1190 4088 1304 4153 dat
1329 4090 1632 4155 reducem
1648 4082 1673 4120 ¹
1704 4092 1875 4157 curis
1907 4093 2027 4157 lux
2057 4101 2198 4160 acta
2228 4096 2501 4160 solutis?

887 4202 1021 4267 Cur
1048 4206 1264 4267 tantas
1293 4202 1493 4280 ducis,
1522 4205 1889 4284 Protesilao,
1917 4227 2124 4272 moras
2148 4213 2173 4274 2

934 4344 950 4377 ¹
991 4347 1070 4399 cf.
1099 4347 1320 4407 Horace,
1351 4346 1406 4398 G.
1434 4348 1467 4399 i.
1495 4347 1622 4399 xxii.
1654 4350 1714 4399 11
1744 4368 1758 4400 ε
1795 4350 1933 4401 curis
1958 4368 2120 4418 vagor
2142 4352 2417 4419 expeditis.
