3181 4990
589 410 669 472 28
760 407 993 471 KEY
1039 408 1160 473 To
1200 405 1917 472 PROGRESSIVE
1960 404 2543 471 EXERCISES

675 600 867 663 Muta
897 620 1089 683 super
1116 600 1355 665 virides
1384 600 1708 684 pendebat
1737 600 1900 662 tibia
1927 598 2156 675 ramOS‚

788 712 875 775 Et
904 712 1129 776 salices
1158 713 1387 776 tacitas
1417 713 1782 788 sustinuere
1809 711 1998 795 lyras.

679 824 934 908 Quippe
965 825 1191 908 procul
1216 824 1427 908 patria
1455 825 1572 907 qui
1601 824 1820 887 tristes
1850 824 2042 887 duxit
2069 824 2141 886 in
2171 842 2329 899 oras,

787 937 926 999 Nos
949 937 1137 1019 jubet
1166 937 1250 1001 ad
1276 936 1519 1020 patrios
1547 937 1746 1001 verba
1773 936 2006 999 referre
2039 936 2304 999 modos:

677 1049 817 1113 Nec
845 1048 1063 1113 minus
1093 1049 1383 1132 exposcit
1414 1048 1694 1132 Solymae
1721 1049 2063 1132 populator
2091 1049 2324 1132 opimae

793 1161 1052 1226 Scilicet
1079 1161 1151 1225 in
1180 1162 1411 1226 mediis
1442 1161 1728 1225 carmina
1755 1161 1906 1225 laeta
1934 1161 2138 1227 malis.

678 1276 843 1359 E1go
874 1275 996 1339 erit
1024 1280 1100 1338 ut
1128 1276 1301 1360 regio
1334 1276 1589 1339 divinos
1620 1275 1879 1358 hospita
1908 1280 2139 1339 cantus

791 1387 1055 1464 Audiat,
1086 1393 1201 1452 aut
1230 1408 1485 1452 sacrum
1512 1393 1685 1452 terra
1713 1388 1980 1471 profana
2008 1388 2212 1452 melos
2233 1392 2272 1451 2·

1158 1670 1672 1736 EXERCISE
1734 1670 1880 1736 XC.
1927 1670 2114 1737 XCI.

694 1851 837 1915 Lux
865 1851 1105 1934 pariter
1131 1852 1413 1915 tenebris
1442 1852 1682 1936 pariter
1709 1873 1892 1917 mens
1922 1858 2141 1915 nostra
2167 1852 2415 1916 laborat
2439 1833 2477 1915 εφ

791 1963 860 2027 N
861 1983 987 2027 unc
1017 1983 1273 2048 quoque
1301 1964 1511 2047 prima
1540 1964 1725 2041 nitet,
1755 1985 1874 2028 nec
1903 1970 2122 2028 tamen
2152 1970 2305 2040 orta,
2338 1965 2490 2029 dies,

696 2075 871 2153 Quin
900 2075 1097 2140 simul
1126 2096 1392 2140 excusso
1422 2097 1836 2160 properamus
1869 2078 1951 2141 ad
1981 2098 2156 2140 arma
2185 2082 2456 2160 sopore?
2517 2088 2522 2093 “

790 2187 1035 2251 Audite
1056 2178 1081 2218 ¹
1110 2193 1187 2251 ut
1218 2187 1383 2252 lucis
1414 2189 1713 2253 concinat
1741 2194 1966 2252 auctor
1992 2189 2149 2253 avis.

693 2298 803 2362 An
836 2298 1168 2382 Scythicos
1200 2299 1504 2383 linquens
1536 2321 1793 2384 campos
1823 2322 2054 2365 manus
2085 2301 2199 2363 illa
2227 2302 2632 2386 propinquat,

796 2410 1055 2476 Scilicet
1083 2418 1160 2476 ut
1192 2417 1410 2476 nostro
1443 2413 1754 2498 sanguine
1790 2414 1997 2499 tingat
2025 2413 2299 2477 humum
2324 2419 2348 2478 2

700 2523 969 2588 Caesaris
999 2545 1083 2588 an
1111 2525 1276 2608 gerit
1306 2531 1371 2588 et
1401 2525 1634 2602 cultuS‚
1664 2531 1730 2589 et
1761 2526 2030 2591 Oaesaris
2061 2547 2235 2589 arma
2259 2531 2283 2590 2

798 2635 1039 2701 Ordine
1070 2636 1346 2720 quisque
1382 2657 1497 2700 suo
1528 2658 1677 2719 quse
1699 2639 1891 2720 jubet
1920 2637 2033 2703 ille
2061 2637 2233 2702 facit.

703 2847 856 2920 Non
886 2847 1136 2930 pedites
1166 2849 1371 2927 nobis,
1402 2849 1652 2932 equites
1683 2871 1814 2914 non
1845 2850 2146 2934 splendor
2173 2851 2448 2927 inaurat,

798 2960 1227 3048 Imperjurata
1244 2954 1269 2992 ²
1297 2966 1556 3046 pectora
1578 2962 1809 3044 juncta
1837 2963 1963 3028 fide
1994 2989 2008 3027 ε

704 3073 830 3137 Sed
856 3078 1076 3138 tamen
1106 3075 1375 3139 occultis
1409 3075 1636 3138 ardent
1664 3074 2010 3159 praecordia
2037 3076 2351 3156 fiammis3

799 3185 1007 3250 Corda
1036 3185 1232 3251 simul
1258 3187 1492 3251 vinclis
1525 3189 1620 3251 ira
1649 3189 1954 3272 furorque
1981 3189 2207 3272 ligant.

699 3297 965 3375 Caedite,
996 3298 1373 3378 Sarmatici3
1422 3299 1683 3363 discetis
1715 3271 1918 3364 serius
1950 3299 2134 3376 illud,

787 3409 920 3474 Sub
949 3409 1142 3472 vultu
1172 3415 1403 3473 moesto
1432 3410 1654 3473 vivida
1682 3412 1940 3476 flamma
1968 3413 2142 3477 latet.

714 3421 757 3594 {
785 3521 1096 3587 Vultibus
1124 3521 1197 3584 in
1225 3522 1475 3586 moestis
1505 3523 1728 3587 abdita
1754 3524 2015 3589 flamma
2042 3525 2217 3590 latet.

1061 3802 1575 3870 EXERCISE
1635 3803 2210 3870 XCIL—XCIV.

710 3969 820 4034 Ad
842 3969 1105 4054 juvenis
1133 3968 1377 4034 lectum
1407 3991 1665 4036 carmen
1694 3972 1963 4037 funebre
1994 3973 2278 4049 sonabat,

803 4080 987 4146 Talia
1021 4081 1179 4145 dum
1207 4082 1490 4166 genitrix
1520 4083 1756 4148 flebilis
1788 4105 1895 4149 ore
1925 4085 2141 4148 canit:

602 4257 622 4294 ²
648 4261 729 4313 Of.
754 4261 993 4328 Propert.
1014 4261 1100 4313 El.
1124 4260 1194 4312 iv.
1216 4263 1264 4313 3.
1288 4263 1358 4314 32
1383 4281 1395 4312 =
1425 4265 1457 4290 “
1474 4261 1633 4314 Lucis
1657 4268 1713 4316 et
1737 4267 1976 4315 auctores
1999 4281 2105 4314 non
2130 4265 2258 4315 dare
2281 4281 2494 4316 carmen
2513 4265 2694 4316 aves.’'

606 4339 629 4378 ²
654 4343 733 4396 cf.
764 4341 909 4410 Virg.
938 4344 1062 4396 AEn.
1088 4342 1143 4394 ii.
1172 4345 1308 4396 348:
1348 4348 1382 4372 “
1400 4343 1437 4394 J
1439 4359 1651 4406 uvenes,
1681 4345 1969 4397 fortissima
1991 4346 2194 4398 frustra
2215 4347 2488 4399 Pectora.'’
