3181 4990
789 424 913 513 IN
946 424 1074 509 LA
1096 425 1275 489 TIN
1309 424 1759 491 ELEGIAC
1809 424 2157 501 VERSE.
2235 494 2238 499 ,

532 618 700 682 Siste
728 617 903 682 viam
926 640 943 697 ;
986 616 1330 701 nostraque
1359 617 1548 682 hodie
1580 618 1701 682 sub
1730 622 1906 683 turre
1935 618 2197 683 moreris
2223 642 2239 697 ;

650 732 833 795 Neve
861 730 1215 814 procelloso
1245 732 1505 811 carbasa
1534 731 1721 796 erede
1749 732 1927 795 frete.

512 955 771 1020 ‘Laetea
791 954 930 1038 jam
959 915 1527 1037 fluctuffpraetexit
1560 975 1792 1038 spuma
1820 954 2182 1038 nigrantes3

644 1068 846 1132 Nulla
873 1073 1061 1132 vacat
1088 1068 1324 1152 mergis
1354 1056 1584 1145 insula}
1615 1067 1798 1130 nulla
1827 1068 2004 1132 silex,

644 1181 861 1244 Litora
882 1181 1023 1263 jam
1054 1179 1273 1243 fulieae
1302 1185 1582 1263 notaque
1613 1200 1770 1243 saxa
1790 1186 2037 1263 petunt.

535 1294 770 1359 Audiit
799 1293 1077 1377 aequorei
1104 1292 1385 1375 piscator
1412 1313 1741 1356 murmura
1768 1293 2058 1369 monstri,

650 1406 990 1471 Murmura
1020 1404 1353 1488 disjectam
1382 1395 1736 1469 vaticinata
1764 1410 1966 1468 ratem
1997 1430 2010 1469 :

537 1518 725 1583 Vidit
753 1521 821 1583 et
846 1517 1148 1582 hesterno
1176 1538 1498 1601 praesagus
1526 1537 1794 1600 vespere
1822 1523 2002 1613 vates

647 1630 1010 1695 Foemineos
1040 1637 1216 1693 artus
1244 1636 1425 1695 veste
1455 1629 1756 1694 madente
1785 1630 1932 1715 tegi.

538 1743 830 1809 Candida
859 1742 1019 1826 quin
1052 1742 1271 1807 nostra
1298 1742 1479 1827 virgo
1510 1742 1631 1806 sub
1661 1748 1838 1808 turre
1865 1743 2176 1807 moraris?

653 1857 788 1921 Cur
818 1854 1010 1922 hodie
1039 1860 1253 1919 tentas
1282 1876 1397 1939 per
1424 1856 1589 1919 freta
1618 1855 1802 1939 nigra
1827 1856 2004 1919 viam
2028 1860 2052 1918 ’.ἱ

542 2081 741 2157 Imus,
771 2078 882 2156 ait,
912 2097 1042 2141 non
1071 2074 1242 2161 qued
1272 2076 1475 2141 vieini
1500 2076 1812 2161 principis
1839 2076 2042 2141 haeres

656 2190 960 2255 Roslinea
987 2191 1185 2255 festos
1217 2190 1411 2254 ducat
1440 2190 1511 2253 in
1540 2210 1684 2255 aree
1715 2190 1938 2255 choros
1963 2212 1982 2269 ;

546 2304 695 2369 Sola
723 2304 836 2369 sed
866 2304 985 2368 ah!
1030 2302 1166 2367 sola
1196 2302 1446 2367 castelli
1475 2303 1776 2367 materia
1806 2302 1970 2380 aula,

660 2415 859 2480 Haud
886 2415 1121 2479 humili
1150 2420 1355 2479 mater
1382 2415 1696 2500 sanguine
1727 2418 1916 2492 creta,
1946 2413 2141 2479 sedet.

548 2529 723 2607 Quid
751 2531 809 2594 si
836 2535 1053 2594 noster
1082 2549 1275 2606 amor,
1306 2527 1433 2612 qua
1462 2527 1670 2592 multa
1699 2528 2038 2612 stringitur
2066 2527 2252 2592 hasta

657 2642 977 2720 AnnuluS‚
1005 2642 1329 2708 exstiterit
1358 2641 1849 2725 conspiciendus
1885 2662 2080 2724 eques
2105 2645 2130 2705 2

547 2755 807 2819 Scilicet
840 2755 1196 2839 opprobriis
1225 2760 1409 2838 pater
1437 2755 1865 2819 insectabitur
1892 2775 2102 2832 uvam,

659 2868 751 2930 Ni
779 2868 1029 2932 dederit
1057 2873 1225 2932 natae
1254 2867 1486 2951 pocula
1512 2867 1707 2950 plena
1733 2888 1977 2930 manus,

563 3092 769 3175 Supra
798 3091 1133 3156 Roslineas
1164 3111 1355 3169 arces»,
1384 3111 1500 3174 per
1527 3090 1743 3154 tristia
1775 3089 1985 3154 noctis

661 3206 992 3288 Tempora,
1021 3224 1153 3267 non
1183 3209 1364 3268 sueto
1393 3203 1641 3267 lumine
1671 3203 1930 3267 flamma
1962 3203 2172 3267 micat.

563 3319 734 3382 Luce
763 3317 980 3381 minus
1010 3315 1144 3382 lata
1170 3317 1443 3400 flagrant
1471 3315 1895 3400 vigilantibus
1925 3317 2126 3401 igneS‚

663 3431 730 3494 N
732 3451 803 3495 eo
832 3436 967 3494 tam
997 3450 1318 3513 purpureo
1348 3429 1533 3502 Luna
1561 3429 1768 3494 nitore
1797 3429 1999 3494 rubet.

568 3544 890 3608 Roslineae
918 3563 1112 3626 rupes
1142 3543 1502 3625 turritaque
1534 3563 1691 3606 saxa
1720 3547 2072 3619 coruscant,

664 3657 790 3720 Per
815 3655 1053 3718 vallem
1081 3655 1137 3717 it
1165 3653 1454 3731 rutilum,
1486 3674 1600 3737 per
1628 3674 1857 3718 nemus
1887 3674 2093 3731 omne,
2115 3653 2347 3737 jubar:

562 3767 889 3848 Adversas
918 3771 1219 3850 querceta
1246 3767 1474 3830 vident
1503 3766 1814 3830 distantia
1841 3766 2149 3842 flammaS,

668 3879 939 3964 Ignibus
970 3879 1256 3943 adversis
1285 3899 1563 3944 concava
1594 3899 1751 3944 saxa
1777 3879 2008 3943 nitent.

570 3990 871 4074 [Credere
902 3996 1038 4056 erat
1066 3990 1385 4074 templum
1412 3991 1692 4056 flammis
1722 3991 1941 4057 ardere
1971 3991 2338 4073 superbum,

671 4103 815 4181 Qua
840 4104 1053 4188 gentis
1083 4124 1421 4188 procerum,
1447 4104 1706 4168 condita
1731 4105 2021 4174 membra
2041 4105 2278 4186 jacent.

569 4214 837 4279 Nullius
867 4235 1012 4280 ossa
1038 4217 1245 4280 latent
1273 4215 1455 4296 area:
1500 4217 1616 4282 sed
1642 4217 1844 4281 ferrea
1873 4216 2108 4298 cuique

671 4327 915 4392 Feralis
944 4334 1252 4411 praestant
1280 4329 1583 4412 tegminis
1615 4349 1791 4395 arma
1819 4301 2076 4410 videm]
