3181 4990
632 404 722 483 64
809 403 1041 468 KEY
1086 403 1205 469 TO
1249 402 1963 469 PROGRESSIVE
2006 405 2584 473 EXERCISES

719 597 984 662 Somnia
1014 596 1165 661 cum
1195 617 1385 662 cerno
1412 603 1669 681 gratum
1697 599 2029 681 poscentia
2057 619 2313 664 carmen
2337 623 2354 678 ;

826 709 1028 774 Grata
1056 715 1349 794 soporato
1379 710 1630 774 somnia
1656 709 1798 774 visa
1824 711 2004 776 mihi.

715 821 976 887 Scilicet
1007 823 1248 887 Oceani
1274 822 1581 887 volvebar
1611 828 1812 887 nauta
1839 845 1955 907 per
1984 845 2217 908 aequor,

829 935 1005 1000 Hinc
1033 936 1256 1019 procul
1285 934 1368 999 ad
1397 936 1679 1018 Zephyri
1706 934 1853 1001 vela
1881 937 2091 1001 cubile
2120 938 2389 1002 dabam:

720 1046 981 1113 Interea
1009 1047 1275 1112 lintrem
1305 1047 1578 1112 tollebat
1604 1048 1841 1112 fluctus
1869 1049 1941 1112 in
1968 1049 2191 1126 altum,

825 1160 894 1223 N
895 1153 1000 1224 ec1
1030 1159 1319 1244 gelidum
1348 1161 1599 1244 spirans
1630 1159 1822 1225 desiit
1850 1182 2004 1226 aura
2033 1163 2229 1245 sequi.

712 1272 1020 1349 Foemina‚
1050 1272 1189 1336 vidi
1218 1273 1536 1355 equidem,
1563 1294 1789 1339 cursus
1817 1275 1889 1338 in
1917 1295 2133 1359 puppe
2161 1276 2455 1358 regebat:

827 1384 1202 1465 (Foemineis
1234 1383 1402 1449 certe
1429 1385 1724 1450 vultibus
1753 1385 1869 1450 illa
1896 1387 2045 1470 fuit)
2074 1409 2088 1448 :

710 1497 975 1580 Nosque
1005 1497 1204 1562 simul
1233 1498 1414 1562 mirae
1443 1498 1648 1562 subiit
1675 1499 2030 1563 reverentia
2058 1498 2292 1574 formae,

829 1609 1039 1686 Quam
1069 1609 1305 1675 mulier
1332 1609 1540 1675 menti
1568 1631 1701 1674 non
1730 1610 1910 1693 prius
1940 1610 2077 1673 ulla
2105 1610 2274 1675 tulit.

711 1832 838 1896 Illa
867 1833 1130 1898 sedebat
1157 1835 1349 1911 enim,
1377 1835 1718 1916 vicinaque
1746 1854 1970 1918 parma
1998 1835 2247 1900 sedenti

824 1945 1061 2010 Illuxit
1085 1947 1374 2024 tumidis,
1405 1947 1502 2012 sol
1529 1946 1713 2010 velut
1740 1924 1917 2024 alter,
1951 1947 2174 2030 aquis:

708 2052 1067 2141 Haudque²
1095 2058 1425 2124 hominem
1454 2058 1689 2134 ridens,
1716 2058 1854 2123 risu
1882 2059 2204 2142 permixta
2232 2057 2535 2143 profudit,

821 2170 1065 2235 “Liber
1092 2171 1193 2234 uti
1223 2171 1358 2249 fiat,
1389 2171 1504 2254 qui
1532 2168 1724 2234 modo
1755 2191 1996 2248 servuS,
2024 2172 2238 2236 e0.''—

708 2282 869 2347 Inde
900 2282 1048 2347 illas
1079 2303 1338 2348 carmen
1368 2303 1559 2348 voces
1593 2283 1666 2346 in
1698 2303 1896 2348 suave
1926 2283 2242 2348 tetendit:

819 2394 938 2458 Nil
966 2415 1080 2480 ego
1111 2396 1209 2459 nil
1236 2416 1524 2479 unquam
1556 2396 1819 2486 suavius
1849 2416 2000 2460 aure
2029 2397 2208 2461 bibi:

704 2507 986 2572 Vincula
1013 2529 1166 2572 nam
1196 2510 1402 2574 servis
1433 2509 1671 2574 cecinit
1701 2510 1994 2574 discussa
2021 2510 2304 2593 refringi,

820 2617 964 2696 Quo
995 2640 1112 2684 sua
1140 2621 1448 2704 majestas
1476 2640 1734 2704 cunque
1764 2621 2021 2685 tulisset
2048 2622 2187 2686 iter.

702 2730 951 2795 Nubila
984 2731 1202 2795 nescio
1234 2751 1378 2814 quse
1408 2731 1779 2815 pendebant
1808 2738 1957 2796 ante
1988 2730 2261 2815 superne
2286 2756 2301 2810 ;

816 2843 1012 2907 Nunc
1045 2843 1274 2907 eadem
1305 2843 1495 2907 claris
1527 2848 1707 2928 terga
1737 2842 1965 2908 dedere
1995 2844 2241 2912 modis:

705 2956 792 3020 Et
819 2955 1194 3020 libertatem
1226 2956 1384 3019 dum
1411 2956 1697 3020 concinit
1725 2956 1855 3033 illa,
1885 2957 2130 3040 putavi,

819 3068 938 3131 Nil
966 3068 1097 3132 nisi
1127 3073 1512 3133 concentum
1539 3069 1812 3152 percipe,
1842 3068 2007 3134 liber
2035 3068 2172 3134 eris

1180 3370 1696 3438 EXERCISE
1749 3374 1808 3435 L
1836 3372 1905 3437 V.
1951 3373 2009 3437 L
2036 3373 2145 3438 VI.

701 3540 822 3605 Est
849 3540 967 3604 ubi
996 3547 1326 3617 mercator,
1355 3544 1532 3603 tutas
1563 3560 1813 3604 servare
1841 3539 2157 3616 laboranS,

815 3652 1095 3717 Nomine
1123 3653 1244 3717 sub
1276 3654 1424 3719 ficto
1454 3657 1635 3717 trans
1669 3672 1844 3717 mare
1873 3652 2081 3716 mittit
2110 3671 2261 3735 opes
2292 3675 2305 3714 ε

698 3764 980 3830 Nomine
1011 3766 1103 3829 sic
1132 3765 1425 3829 modulos
1459 3765 1867 3829 commendat
1900 3764 2095 3828 Delia
2123 3770 2371 3828 nostros
2400 3782 2413 3820 τ

813 3878 912 3941 Tu
940 3877 1106 3940 mihi
1136 3876 1271 3942 sola
1303 3877 1487 3941 ardor
1514 3876 1901 3958 fiammaque
1930 3895 2099 3951 vera,
2133 3874 2349 3938 Chloe.

699 3989 888 4054 Forte
916 3995 1130 4052 torum
1163 3989 1462 4052 decorant
1490 4008 1636 4051 mea
1663 3986 1888 4051 mollia
1917 3986 2218 4061 carmina,
2248 3985 2432 4069 ponit

811 4100 1007 4165 Delia
1037 4099 1194 4163 dum
1226 4098 1466 4163 nitidas
1494 4098 1568 4161 in
1598 4098 1877 4162 statione
1912 4117 2128 4163 comas
2154 4123 2168 4161 ε

891 4254 912 4288 ¹
937 4255 1018 4309 cf.
1049 4254 1192 4323 Virg.
1219 4254 1343 4307 AE'n.
1370 4254 1460 4306 vii.
1489 4254 1632 4318 5103
1669 4254 1799 4305 Hor.
1830 4244 1893 4306 0]
1912 4254 1985 4307 iii.
2014 4254 2097 4311 27.
2127 4254 2210 4311 67.

893 4335 916 4371 ²
940 4338 1021 4390 Of.
1048 4338 1197 4406 Virg.
1225 4336 1347 4389 AE'n.
1374 4336 1407 4388 i.
1437 4338 1575 4388 3202
1617 4342 1651 4366 ‘⁶
1669 4336 1790 4388 Vox
1815 4337 2084 4389 hominem
2107 4334 2309 4389 sonat.’'
