3181 4990
711 429 834 491 IN
872 429 997 491 LA
1021 429 1198 492 TIN
1235 425 1683 492 ELEGIAC
1738 425 2081 490 VERSE.
2353 437 2435 484 ‚21

836 739 1352 804 EXERCISE
1409 739 1683 803 LXIX.
1729 736 1963 802 LXX.

465 905 726 989 Ungula
755 907 858 986 sit,
892 906 1020 990 qua
1049 928 1179 969 non
1209 907 1616 990 praestantior
1646 897 1848 970 altera
1876 926 2084 980 cursu,

563 995 892 1102 Armaque
921 1019 1205 1082 mordaci
1234 1041 1367 1082 non
1393 1018 1695 1083 hebetata
1725 1019 1856 1081 situ
1893 1042 1905 1080 :

469 1130 588 1194 Nil
616 1130 796 1194 aliud
825 1132 1120 1214 cupimus
1144 1156 1160 1210 3
1205 1131 1526 1216 generosis
1557 1136 1785 1195 caetera
1814 1128 2088 1205 sordent,

566 1244 810 1308 Caetera
838 1244 952 1320 nil,
981 1245 1175 1308 fortes
1205 1265 1332 1327 quo
1364 1244 1711 1328 capiantur,
1741 1243 1995 1307 habent.

463 1357 630 1441 Ergo
661 1377 864 1438 quum
892 1357 1157 1420 fremuit
1186 1358 1442 1440 sonipes
1472 1356 1838 1420 hinnitibus
1869 1376 2028 1432 acer,

563 1469 985 1553 Mugitusque
1013 1490 1238 1554 graves
1269 1475 1582 1553 tympana
1610 1470 1800 1552 pulsa
1830 1469 2019 1544 cient,

468 1582 646 1645 Dum
677 1582 880 1646 lituus
915 1582 1084 1646 claro
1115 1588 1374 1646 resonat
1403 1582 1698 1666 clangore
1726 1602 1843 1664 per
1872 1601 2075 1656 auras

565 1695 634 1756 N
634 1715 718 1757 on
745 1694 875 1758 nisi
905 1695 1204 1757 divinum
1233 1695 1550 1758 sensimus
1579 1695 1732 1758 inde
1766 1695 1982 1778 melos,

471 1807 642 1882 Quid
673 1805 846 1889 quod
873 1806 990 1870 ubi
1018 1807 1248 1870 turmis
1285 1808 1538 1889 equites
1568 1811 1834 1870 tonuere
1866 1805 2119 1881 coactis,

567 1917 1064 2001 Bellantflmque
1093 1920 1294 1982 oritur
1323 1940 1450 1982 vox
1481 1919 1807 2002 geminata
1833 1917 2064 1994 virum,

472 2031 768 2094 Forsitan
801 2020 1094 2094 aethereis
1127 2031 1310 2094 cedat
1341 2030 1657 2094 deductus
1688 2031 1768 2093 ab
1798 2029 1925 2093 oris

569 2142 887 2220 Coelicola,
919 2149 1033 2207 aut
1063 2143 1318 2227 Stygias
1349 2143 1600 2207 deserat
1627 2144 1856 2206 umbra
1885 2142 2117 2206 domos,

467 2369 589 2450 Eja
608 2358 632 2397 ¹
663 2367 897 2431 animis
928 2369 1336 2432 conscendite
1367 2389 1579 2452 equ08,
1610 2387 1913 2451 generosa
1934 2367 2245 2451 juventus
2272 2387 2285 2427 :

574 2480 886 2546 Certatim
915 2480 1165 2566 galeam
1195 2481 1430 2545 sumite
1461 2480 1735 2564 quisque
1767 2502 1963 2545 suam.

473 2594 638 2658 Ecce
667 2594 886 2657 Pudor
916 2593 1172 2677 pariter,
1203 2595 1441 2677 pariter
1471 2615 1587 2658 nos
1620 2594 1857 2669 Gloria,
1889 2594 2124 2658 Mortis

571 2706 863 2770 Nuntius
894 2707 977 2770 ad
1007 2706 1286 2771 Martem
1315 2686 1534 2771 rursus
1564 2712 1835 2790 uterque
1863 2710 2068 2770 vocat.

477 2819 663 2882 Nulli
691 2820 995 2884 foemineo
1025 2809 1390 2904 turgescent
1418 2819 1670 2884 lumina
1703 2820 1877 2895 fletu,

573 2932 792 3007 Quum
821 2933 1090 3015 capulus
1121 2925 1347 2996 dextra
1376 2932 1815 3015 corripiendus
1846 2932 1967 2995 erit
1995 2954 2008 2992 :
2055 2944 2061 2949 ·

473 3044 724 3106 Ibimus
757 3064 839 3107 en
867 3044 1058 3106 vacui
1082 3067 1098 3123 3
1145 3064 1354 3126 neque
1385 3044 1851 3127 suspirabimus
1881 3063 2169 3125 unquam

571 3155 898 3239 Virgineis
928 3160 1190 3238 praestet
1220 3156 1404 3238 siqua
1431 3156 1650 3245 puella
1680 3155 1902 3218 choris

478 3269 585 3333 Sic
613 3290 776 3352 puer
802 3268 1102 3345 imbellis,
1135 3268 1379 3333 calamo
1411 3269 1503 3333 sic
1536 3276 1756 3352 pastor
1784 3269 2036 3353 agresti,

553 3381 931 3446 ·Flebilibus
962 3386 1210 3445 certent
1235 3382 1627 3466 ingemuisse
1656 3381 1878 3445 modis

477 3494 660 3557 More
688 3493 916 3558 virfim·
937 3495 1124 3559 nobis
1153 3500 1352 3559 restat
1380 3516 1685 3579 pugnare,
1720 3493 1967 3558 sodales
1996 3519 2009 3557 ε

577 3606 866 3672 Heroum
894 3612 1092 3672 restat
1121 3628 1297 3671 more
1330 3608 1650 3690 modoque
1676 3607 1851 3670 mori.

818 3888 1331 3953 EXERCISE
1374 3889 1648 3952 LXXI.
1695 3887 2005 3951 LXXII.

477 4042 691 4131 Quam
720 4053 942 4119 dulces
972 4056 1159 4133 inter,
1186 4056 1509 4140 pellucide
1537 4055 1811 4132 Davom,
1840 4056 2014 4139 ripas

580 4166 813 4249 Sel-pis,
844 4166 959 4229 ubi
986 4175 1216 4233 vernat
1243 4170 1362 4233 flos
1392 4170 1534 4245 tibi,
1567 4168 1733 4232 silva
1760 4168 1929 4232 viret
1958 4192 1971 4231 :

463 4357 481 4386 ²
517 4358 596 4410 Of.
624 4357 769 4425 Virg.
800 4358 921 4410 AEn.
950 4360 1019 4409 xi.
1047 4362 1151 4413 438
1177 4382 1190 4413 ε
1231 4368 1264 4391 “
1283 4363 1379 4413 Ibo
1401 4363 1590 4415 animis
1616 4359 1847 4426 contra,''
1874 4363 1997 4423 etc„
2022 4361 2129 4419 and
2154 4360 2259 4419 line
2289 4362 2366 4412 18.
