3181 4990
794 413 916 477 IN
952 415 1079 479 LA
1100 416 1276 482 TIN
1313 418 1763 488 ELEGIAC
1816 422 2156 489 VERSE.

541 607 609 669 N
609 626 681 670 ee
703 607 895 689 juvat
922 607 1253 675 illecebras
1286 613 1533 696 gemitu
1561 613 1812 697 plorare
1841 621 2208 701 peremptas

643 720 817 797 Quas
846 721 1033 804 potui
1059 722 1244 787 tarde.
1273 744 1529 790 eernere
1558 727 1735 792 abire
1764 728 1888 793 lue.

538 956 698 1032 Quae
726 978 869 1023 rosa
898 980 1219 1045 purpureo
1247 961 1683 1045 pulcherrima
1709 965 1864 1029 flore
1897 966 2185 1044 rubebat,

642 1071 819 1137 Ante
850 1073 1023 1139 diem
1052 1074 1265 1138 subito
1295 1075 1519 1140 funere
1548 1083 1735 1160 rapta
1762 1077 1949 1160 perit.

535 1186 786 1251 Dextra
811 1186 968 1250 lieet
994 1207 1316 1271 gemmam
1342 1196 1717 1253 nascentem
1745 1189 1984 1254 vellere
2013 1198 2250 1275 pareat,

642 1298 947 1363 Protinus
975 1298 1195 1363 effusis
1226 1299 1479 1365 decidet
1506 1301 1623 1366 illa
1653 1301 1868 1367 comis,

542 1410 666 1475 Sed
694 1416 913 1476 tamen
942 1415 1093 1474 ante
1122 1411 1338 1495 oeulos
1369 1414 1555 1477 abeat
1584 1414 1643 1477 si
1670 1414 1874 1497 gratia
1905 1416 2165 1494 sensim,

641 1523 851 1607 Inque
880 1522 1055 1587 diem
1084 1523 1259 1588 foliis
1290 1524 1546 1590 excidat
1575 1546 1767 1590 omne
1797 1525 2012 1603 deeuS‚

538 1634 648 1697 Ah
675 1634 859 1700 luctu
886 1635 1108 1699 florem
1138 1642 1379 1718 quanto
1408 1639 1648 1721 majore
1679 1625 2039 1722 sequemur,

641 1746 853 1825 Quem
881 1747 939 1812 si
967 1746 1272 1813 continue
1303 1748 1645 1833 diripiatur
1670 1751 1890 1815 honos,

541 1860 799 1925 Scilicet
828 1861 1132 1925 amissam
1161 1861 1459 1925 mortalia
1485 1862 1738 1925 lumina
1767 1863 2057 1940 formam,

636 1973 723 2035 Et
757 1973 1045 2056 speciosa
1076 1972 1255 2055 prius
1290 1973 1507 2056 turpia
1535 1974 1723 2051 faeta,
1758 1973 1994 2039 dolent.

536 2208 685 2285 Vix,
712 2215 889 2292 pute,
918 2209 1299 2292 languentes
1329 2210 1687 2293 potuissem
1721 2230 1976 2275 cernere
2004 2213 2189 2289 risus,

634 2322 814 2384 Dum
841 2321 966 2385 tibi
994 2323 1319 2385 marcebat
1348 2326 1573 2385 tantus
1604 2322 1676 2385 in
1705 2343 1811 2387 ore
1844 2323 2034 2387 decor
2057 2349 2070 2387 ε

538 2434 694 2517 Ipsa
723 2432 935 2510 etiam,
963 2432 1083 2497 tali
1112 2433 1316 2498 subiit
1346 2455 1491 2519 quae
1520 2435 1816 2520 proxima
1843 2435 1991 2512 luci,

636 2547 793 2611 Plus
824 2546 1010 2611 solito
1038 2547 1239 2632 nigris
1267 2569 1401 2612 nox
1430 2549 1696 2613 abiisset
1725 2550 1923 2633 equis.

535 2660 630 2724 At
657 2659 780 2724 tibi
807 2660 957 2725 laeta
985 2661 1122 2724 dies
1153 2681 1406 2745 semper
1434 2662 1576 2726 sine
1606 2664 1779 2728 nube
1809 2661 2101 2740 refulsit3

637 2774 929 2839 Candida
960 2775 1032 2838 in
1062 2781 1349 2839 extremo
1378 2781 1682 2859 tempore,
1713 2782 1790 2841 ut
1823 2782 1992 2854 ante,
2020 2776 2207 2840 nites,

537 2885 915 2970 Incorrupta
941 2887 1141 2951 lates:
1183 2888 1392 2952 veluti
1422 2887 1774 2952 clarissima
1797 2908 2047 2970 semper

637 2998 902 3063 AEthere
932 2999 1012 3062 de
1042 3019 1293 3062 summo
1330 2998 1539 3062 sidera
1565 2998 1750 3082 lapsa
1778 3000 2036 3063 micant.

1056 3340 1570 3407 EXERCISE
1628 3341 1888 3408 CXXI.

541 3537 751 3613 Quam
782 3534 999 3601 subit&
1027 3556 1234 3620 nuper
1261 3535 1485 3619 pluvie,
1517 3542 1840 3602 roraverat
1867 3535 2075 3598 imber

639 3650 897 3714 Detulit
925 3648 1209 3713 AEmiliae
1243 3654 1463 3712 nostra
1490 3649 1721 3713 Neaera
1752 3667 1976 3712 rosam.

540 3763 755 3828 Sensit
782 3782 946 3825 onus
975 3761 1175 3824 nimio
1205 3761 1323 3825 fios
1351 3761 1633 3845 pondere
1667 3760 1876 3825 lassus
1905 3779 2216 3842 aquarum
2241 3781 2256 3836 ;

637 3875 981 3958 Degravat·
993 3878 1059 3937 et
1087 3873 1370 3937 nitidum
1400 3874 1680 3957 plurima
1707 3878 1895 3958 gutta
1927 3879 2140 3954 caput.

538 3986 627 4050 Et
655 3986 811 4050 folia
839 3991 906 4050 et
935 3986 1223 4070 ealyeem
1250 3985 1467 4071 largus
1499 3986 1931 4070 compleverat
1958 3985 2193 4048 humor
2216 4007 2233 4063 ;

641 4099 927 4182 Quaeque
958 4098 1168 4163 solent
1197 4100 1427 4164 fientes
1457 4099 1641 4184 signa
1675 4099 1844 4176 dare,
1874 4099 1990 4162 illa
2019 4097 2214 4162 dabat
2242 4122 2256 4160 ε

536 4211 697 4276 Visa
723 4211 889 4274 mihi
916 4231 1217 4295 gemmae,
1246 4213 1531 4290 memini,
1558 4214 1809 4296 plorare
1838 4211 2112 4287 relictae,

649 4325 811 4402 Quae
839 4324 1168 4408 quondam
1196 4325 1387 4389 sociis
1417 4327 1728 4390 erubuere
1758 4325 1973 4389 comis,

2447 443 2528 509 37
