3181 4990
674 402 761 466 34
844 386 1079 449 KEY
1122 385 1245 450 To
1284 383 1998 450 PROGRESSJVE
2040 381 2618 448 EXERCISES

761 578 1033 642 Suavior
1058 578 1189 642 ista
1214 578 1359 641 filix
1385 578 1555 641 viret
1581 577 1656 639 in
1684 576 1975 639 convalle
2001 575 2284 652 reducta,

874 690 1019 768 Qua
1046 691 1292 755 fontem
1319 691 1597 755 tacitum
1628 689 1798 753 flava
1825 689 2080 773 genista
2105 690 2310 773 tegit:

760 802 1038 867 Suavius
1066 803 1349 867 arrident
1376 800 1561 885 longe
1588 802 1732 865 loca
1758 801 1952 884 plena
1979 801 2263 885 genistae,

875 914 1017 992 Qua
1044 916 1321 979 latebras
1349 914 1539 979 violae
1567 914 1862 998 proxima
1887 914 2078 978 bellis
2108 914 2342 979 habet:

766 1028 1064 1111 Namque
1091 1048 1207 1111 per
1237 1027 1519 1091 incultos
1550 1026 1882 1091 exsultans
1911 1026 2103 1090 devia
2127 1026 2332 1103 flores,

873 1139 1057 1224 Saepe
1084 1144 1272 1204 tuum
1299 1140 1537 1223 repetit
1565 1139 1838 1223 Phyllis,
1867 1138 2146 1216 acanthi,
2173 1139 2390 1203 melos

1188 1496 1703 1562 EXERCISE
1768 1497 2300 1564 CVJJL—CXJ.

756 1678 947 1741 Forte
976 1676 1097 1741 sub
1128 1676 1405 1740 arboreis
1433 1677 1722 1741 vitabam
1749 1678 2086 1742 frondibus
2115 1684 2384 1756 aestum3

872 1788 1217 1853 Gramineo
1246 1788 1546 1853 dederam
1575 1791 1866 1853 membra
1893 1790 2170 1854 levanda
2197 1796 2374 1854 toro:

757 1902 995 1985 Aspice
1022 1922 1138 1986 per
1169 1902 1467 1978 mediam,
1495 1923 1710 1967 rerum
1742 1902 2131 1981 dulcissima,
2163 1903 2411 1978 silvam,

870 2014 1161 2078 Numine
1188 2013 1406 2077 nescio
1436 2035 1564 2098 quo
1595 2014 1809 2091 ducta,
1840 2016 2123 2080 Corinna
2148 2016 2344 2079 venit.

758 2126 1064 2203 Praeterit,
1098 2133 1166 2191 et
1194 2127 1395 2191 torvis
1428 2127 1732 2191 minitata
1761 2128 2079 2192 exclamat
2107 2128 2344 2203 ocellis,

871 2244 907 2271 “
928 2239 1275 2316 Pastorem,
1306 2240 1626 2323 Corydon,
1660 2261 1793 2303 non
1823 2241 2008 2305 decet
2041 2241 2168 2305 ista
2196 2241 2414 2323 quies:

756 2352 935 2415 Tune
956 2351 1187 2434 jaces,''
1220 2352 1473 2434 inquit;
1522 2360 1554 2384 “
1576 2353 1821 2436 pudeat
1851 2353 1943 2417 sic
1976 2353 2238 2436 perdere
2265 2360 2540 2435 tempus,

870 2463 1187 2549 Segnibus
1218 2464 1274 2529 O
1310 2465 1479 2530 fucis
1509 2466 1764 2549 segnior
1791 2466 1932 2550 ipse
1960 2469 2163 2551 puer?

754 2720 787 2747 “
812 2711 1061 2777 Siccine
1089 2717 1166 2776 tu
1195 2715 1404 2777 Panos
1440 2714 1695 2778 decreta
1722 2716 2074 2779 novissima
2101 2714 2305 2779 nostri

869 2824 1147 2908 Spernis,
1182 2831 1249 2891 et
1278 2827 1513 2911 agresti
1542 2828 1710 2892 dona
1744 2832 1966 2912 parata
1994 2827 2228 2892 choro?

752 2938 1051 3021 Namque
1080 2937 1268 3008 hodie
1298 2940 1354 3004 si
1384 2940 1490 3004 cui
1520 2940 1717 3004 fuerit
1748 2941 2120 3005 dulcissima
2147 2940 2406 3016 arundO,

864 3050 995 3115 Hic
1018 3051 1279 3134 juvenis
1308 3053 1514 3117 victor
1542 3053 1808 3138 praemia
1842 3054 2039 3137 digna
2068 3053 2244 3117 feret.

755 3162 1085 3246 Quotquot
1115 3165 1368 3248 opimus
1397 3165 1596 3230 habet
1625 3186 1891 3251 campus
1922 3171 2162 3230 certare
2190 3171 2443 3249 paratos

867 3275 1162 3340 Pastores
1191 3277 1433 3360 pariter
1460 3298 1734 3362 spesque
1763 3285 2104 3362 metusque
2131 3278 2413 3342 trahunt.

755 3528 787 3556 ‘⁴
813 3522 1063 3588 Siccine
1093 3523 1448 3591 cedendum
1478 3532 1576 3590 est
1605 3527 1766 3603 aliis,
1797 3528 2044 3612 ignave,
2077 3527 2316 3611 puellis
2341 3529 2365 3590 ἓ

865 3636 1255 3721 Nymphane
1285 3638 1562 3723 fulgebit
1592 3639 1826 3704 cultior
1852 3641 1989 3704 ulla
2016 3639 2173 3704 tua?

753 3747 954 3832 Surge
983 3768 1096 3833 age
1118 3751 1271 3832 jam,
1302 3756 1535 3835 pastor,
1567 3757 1796 3816 cantus
1827 3753 2139 3817 meditare
2170 3752 2428 3835 prioreS‚

866 3861 1169 3945 Implicet
1197 3869 1274 3926 ut
1308 3870 1601 3928 nostrum
1630 3865 1794 3929 festa
1823 3885 2054 3930 corona
2083 3863 2415 3948 caput.’'—·

752 3979 783 4006 “
811 3972 941 4036 Hei
970 3973 1151 4052 mihi,
1181 3981 1398 4040 noster
1428 3997 1619 4054 amor,
1649 3976 1808 4060 quid
1838 3983 2022 4042 tanta
2051 3976 2352 4061 superbia
2379 3975 2690 4058 prodest,’'

863 4090 895 4117 “
918 4085 1077 4161 Quae
1106 4086 1387 4163 melius?
1422 4087 1644 4166 clamo,
1676 4095 1709 4122 “
1732 4089 1898 4174 regis
1926 4091 1998 4153 in
2026 4109 2134 4154 ore
2165 4089 2386 4154 sedet?

752 4197 1098 4280 Quumque
1127 4202 1275 4262 tuos
1303 4199 1577 4264 habeam
1606 4201 1876 4286 scriptos
1904 4202 1976 4265 in
2005 4207 2259 4286 pectore
2288 4200 2577 4277 honores,

864 4310 982 4374 Est
1011 4309 1181 4374 nihil
1207 4310 1280 4375 in
1308 4317 1443 4376 toto
1474 4313 1647 4395 quod
1675 4315 1880 4398 magis
1915 4315 2066 4380 orbe
2095 4314 2307 4378 velim.
