3181 4990
673 433 754 495 14
840 415 1074 480 KEY
1117 415 1242 480 To
1285 411 2009 481 PROGRESSIVE
2054 411 2636 478 EXERCISES

1103 673 1391 738 EXER
1402 672 1627 739 CJSE
1683 673 1819 737 XL
1826 657 2190 737 [ΠΙ-Χῖ,
2218 673 2289 740 V.

760 846 966 928 Carpe
994 849 1177 908 tuam
1203 843 1494 926 requiem
1523 841 1737 927 posito
1768 841 2134 918 certamine,
2162 841 2385 908 miles:

874 957 1350 1041 Imperturbato
1379 955 1551 1022 victe
1581 975 1807 1038 sopore
1828 955 1987 1037 jace.

759 1071 862 1134 Ne
890 1069 1015 1133 tibi
1042 1089 1159 1152 per
1189 1089 1444 1133 somnos
1471 1069 1612 1151 jam
1642 1068 1846 1151 fingas
1876 1066 2106 1150 proelia
2134 1067 2387 1145 Martie,

867 1183 1192 1246 Excubiae
1221 1188 1434 1258 noctu,
1466 1201 1586 1246 nec
1618 1180 1758 1245 sine
1787 1180 2013 1246 fraude
2044 1180 2200 1246 dies..

755 1297 1042 1360 Dextera
1069 1295 1286 1359 nescio
1317 1315 1462 1377 quae
1489 1293 1735 1358 lectum
1764 1292 1933 1359 clam
1964 1292 2240 1362 sternit,
2218 1307 2295 1358 'm
2323 1293 2487 1371 aula,

869 1407 1014 1486 Qua
1044 1408 1272 1472 (lomus
1301 1405 1336 1470 e
1363 1407 1594 1470 mediis
1625 1405 1875 1470 daedala
1904 1406 2111 1489 surgit
2138 1406 2338 1489 aquis,

759 1519 1076 1584 Somnifer
1102 1519 1352 1583 interea
1377 1540 1480 1583 ros
1512 1538 1774 1582 sensum
1802 1537 2123 1602 quemque
2151 1524 2447 1602 pererrat,

871 1631 1051 1696 Dum
1081 1632 1330 1715 magica
1363 1653 1445 1696 ex
1473 1630 1653 1694 omni
1684 1651 2016 1697 murmura
2043 1636 2227 1715 parte
2255 1631 2509 1698 cadunt.

760 1856 966 1940 Carpe
996 1861 1177 1920 tuam
1205 1855 1494 1941 requiem
1522 1856 1735 1939 posito
1768 1855 2132 1931 certamine,
2162 1855 2389 1922 miles:

872 1969 1112 2034 Proelia
1139 1990 1256 2052 per
1283 1988 1540 2034 somnos
1570 1968 1810 2052 fingere
1837 1989 2027 2052 parce
2055 1973 2203 2032 tuos
2227 1993 2240 2034 ε
2312 2037 2319 2044 ,

762 2080 971 2165 Carpe
1001 2102 1132 2165 age,
1164 2081 1279 2164 qui
1309 2080 1520 2144 nescit
1548 2079 1797 2157 violari,
1828 2101 2016 2164 carpe
2046 2101 2335 2163 soporem
2365 2105 2377 2144 ε

879 2193 980 2256 Sit
1007 2192 1237 2277 procul
1266 2193 1580 2256 insomnis
1612 2214 1760 2270 nox,
1790 2213 2054 2276 operosa
2083 2192 2235 2257 dies,

763 2305 894 2369 Hic
923 2306 1133 2389 fragor
1163 2326 1484 2368 armorum
1513 2305 1639 2368 tibi
1669 2325 1801 2369 non
1828 2305 2261 2388 penetraverit
2291 2325 2476 2369 aures
2523 2337 2529 2345 ·

875 2417 1028 2482 Non
1055 2417 1286 2481 fremet
1313 2417 1422 2480 hic
1449 2417 1705 2501 sonipes
1736 2417 1893 2481 dum
1920 2417 2160 2501 premit
2189 2437 2293 2480 ore
2321 2408 2551 2501 lupos}

763 2531 1049 2595 Buccina
1076 2552 1209 2594 non
1237 2530 1510 2614 populos
1540 2533 1845 2595 coeuntes
1878 2530 2015 2595 ulla
2044 2531 2277 2609 ciebit;

879 2642 1386 2726 Quadrupedans
1414 2641 1609 2707 rauca
1636 2664 1768 2707 non
1798 2649 1985 2708 canet
2014 2644 2118 2707 ala
2144 2642 2315 2707 tuba.

761 2870 856 2932 At
884 2873 1105 2933 tamen
1135 2874 1434 2953 argutum
1464 2868 1699 2933 referat
1726 2868 1853 2933 tibi
1886 2888 2144 2933 carmen
2172 2867 2419 2931 alaudae

877 2982 1068 3045 Forte
1099 2982 1220 3045 sub
1251 2982 1386 3045 Eoo
1418 2983 1552 3046 sole
1582 2981 1836 3045 novalis
1866 3002 2051 3066 ager;

763 3095 1149 3159 Tinnitusve
1177 3116 1402 3179 graves
1429 3116 1621 3161 rauco
1654 3099 1871 3179 crepet
1902 3094 2091 3159 ardea
2119 3098 2337 3169 rostr0,

876 3208 1072 3292 Signa
1099 3208 1441 3291 paludosae
1471 3207 1603 3292 qua
1634 3208 1810 3272 canit
1836 3208 2008 3271 inter
2037 3226 2247 3290 aquas,

764 3319 881 3383 Nil
908 3340 1040 3384 non
1067 3318 1216 3384 lene
1244 3325 1466 3384 sonat:
1513 3320 1743 3403 vigiles
1773 3320 1845 3383 in
1872 3320 2100 3383 limine
2129 3316 2299 3381 nulli
2323 3340 2340 3397 ;

878 3433 1029 3496 Non
1059 3437 1290 3510 custOS,
1324 3439 1356 3465 “
1382 3429 1523 3509 Quo
1555 3452 1747 3509 nunc,
1775 3432 2025 3515 hospes,
2054 3437 2122 3496 et
2150 3430 2377 3507 unde,”
2408 3437 2602 3515 rogat.

764 3544 915 3608 Non
944 3564 1147 3628 equus
1177 3544 1284 3609 hic
1313 3544 1546 3622 hinnit,
1576 3565 1709 3609 non
1737 3544 1991 3609 mandit
2013 3544 2195 3609 frena
2218 3565 2234 3621 ;
2281 3543 2561 3607 cohortis

880 3658 1137 3721 Clamor
1169 3658 1348 3723 abest
1373 3682 1390 3739 ;
1436 3678 1695 3741 campos
1725 3658 1971 3742 ungula
1998 3656 2182 3720 nulla
2210 3656 2375 3720 terit.

1055 3923 1574 3989 EXERCISE
1634 3924 1768 3988 XL
1797 3923 2134 3989 VL-—XL
2162 3922 2349 3987 VIII.

763 4088 1130 4155 Praeteritos
1162 4089 1319 4155 olim
1349 4091 1536 4155 nobis
1565 4093 1776 4156 tutela
1804 4113 1921 4177 per
1949 4113 2169 4169 armoe,

878 4204 934 4268 Ο
968 4223 1116 4286 spes
1149 4205 1409 4268 venturi
1438 4204 1746 4287 temporis
1776 4225 1925 4283 una,
1954 4206 2174 4269 Deus:

833 4344 852 4379 ¹
879 4347 958 4398 Cf.
987 4347 1084 4399 Ον.
1119 4345 1272 4398 Trica
1299 4345 1371 4397 iv.
1400 4348 1450 4397 6.
1480 4348 1544 4399 3:
1587 4346 1660 4398 Et
1683 4346 1891 4413 placido
1916 4346 2080 4397 duros
2104 4344 2299 4412 accipit
2323 4362 2412 4397 ore
2434 4344 2604 4412 lupos.
