<?xml version="1.0" encoding="UTF-8"?>
<!DOCTYPE html PUBLIC "-//W3C//DTD XHTML 1.0 Transitional//EN"
    "http://www.w3.org/TR/xhtml1/DTD/xhtml1-transitional.dtd">
<html xmlns="http://www.w3.org/1999/xhtml" xml:lang="en" lang="en">
 <head>
  <title>
</title>
<meta http-equiv="Content-Type" content="text/html;charset=utf-8" />
  <meta name='ocr-system' content='tesseract 3.04.00' />
  <meta name='ocr-capabilities' content='ocr_page ocr_carea ocr_par ocr_line ocrx_word'/>
</head>
<body>
  <div class='ocr_page' id='page_1' title='image "./keytoprogressiv00geppgoog_0033.png"; bbox 0 0 3181 4990; ppageno 0'>
   <div class='ocr_carea' id='block_1_1' title="bbox 843 420 2584 501">
    <p class='ocr_par' dir='ltr' id='par_1_1' title="bbox 843 420 2584 501">
     <span class='ocr_line' id='line_1_1' title="bbox 843 420 2584 501; baseline 0.001 -18"><span class='ocrx_word' id='word_1_1' title='bbox 843 421 966 484; x_wconf 94' lang='lat' dir='ltr'><strong>IN</strong></span> <span class='ocrx_word' id='word_1_2' title='bbox 1001 420 1327 486; x_wconf 84' lang='lat' dir='ltr'><em>LATIN</em></span> <span class='ocrx_word' id='word_1_3' title='bbox 1364 420 1818 486; x_wconf 86' lang='lat' dir='ltr'><em>ELEGIAC</em></span> <span class='ocrx_word' id='word_1_4' title='bbox 1874 420 2216 486; x_wconf 83' lang='lat' dir='ltr'><em>VERSE.</em></span> <span class='ocrx_word' id='word_1_5' title='bbox 2502 436 2584 501; x_wconf 86' lang='lat'><strong>27</strong></span> 
     </span>
    </p>
   </div>
   <div class='ocr_carea' id='block_1_2' title="bbox 584 611 2415 1482">
    <p class='ocr_par' dir='ltr' id='par_1_2' title="bbox 586 611 2415 810">
     <span class='ocr_line' id='line_1_2' title="bbox 586 611 2415 697; baseline 0.002 -21"><span class='ocrx_word' id='word_1_6' title='bbox 586 613 700 677; x_wconf 91' lang='lat' dir='ltr'><strong>Me</strong></span> <span class='ocrx_word' id='word_1_7' title='bbox 730 612 1033 697; x_wconf 87' lang='lat' dir='ltr'><strong>spirante,</strong></span> <span class='ocrx_word' id='word_1_8' title='bbox 1061 611 1355 677; x_wconf 89' lang='lat' dir='ltr'><strong>homines</strong></span> <span class='ocrx_word' id='word_1_9' title='bbox 1384 613 1628 677; x_wconf 86' lang='lat' dir='ltr'><strong>abeunt</strong></span> <span class='ocrx_word' id='word_1_10' title='bbox 1655 612 2121 697; x_wconf 85' lang='lat' dir='ltr'><strong>hominumque</strong></span> <span class='ocrx_word' id='word_1_11' title='bbox 2150 613 2415 691; x_wconf 89' lang='lat' dir='ltr'><strong>labores,</strong></span> 
     </span>
     <span class='ocr_line' id='line_1_3' title="bbox 700 724 2188 810; baseline 0.001 -22"><span class='ocrx_word' id='word_1_12' title='bbox 700 724 925 803; x_wconf 81' lang='lat' dir='ltr'><strong>Qualis</strong></span> <span class='ocrx_word' id='word_1_13' title='bbox 952 724 1069 788; x_wconf 92' lang='lat' dir='ltr'><strong>ubi</strong></span> <span class='ocrx_word' id='word_1_14' title='bbox 1095 725 1373 789; x_wconf 87' lang='lat' dir='ltr'><strong>flammis</strong></span> <span class='ocrx_word' id='word_1_15' title='bbox 1402 730 1644 809; x_wconf 81' lang='lat' dir='ltr'><strong>stuppa</strong></span> <span class='ocrx_word' id='word_1_16' title='bbox 1673 730 1954 790; x_wconf 79' lang='lat' dir='ltr'><strong>cremata</strong></span> <span class='ocrx_word' id='word_1_17' title='bbox 1982 726 2188 810; x_wconf 83' lang='lat' dir='ltr'><strong>perit3</strong></span> 
     </span>
    </p>

    <p class='ocr_par' dir='ltr' id='par_1_3' title="bbox 585 837 2132 1034">
     <span class='ocr_line' id='line_1_4' title="bbox 585 837 1959 922; baseline 0 -21"><span class='ocrx_word' id='word_1_18' title='bbox 585 837 866 922; x_wconf 80' lang='lat' dir='ltr'><strong>Imperia</strong></span> <span class='ocrx_word' id='word_1_19' title='bbox 891 842 1227 921; x_wconf 76' lang='lat' dir='ltr'><strong>augentur,</strong></span> <span class='ocrx_word' id='word_1_20' title='bbox 1255 838 1451 903; x_wconf 81' lang='lat' dir='ltr'><strong>variis</strong></span> <span class='ocrx_word' id='word_1_21' title='bbox 1482 838 1762 902; x_wconf 83' lang='lat' dir='ltr'><strong>obnoxia</strong></span> <span class='ocrx_word' id='word_1_22' title='bbox 1790 837 1959 916; x_wconf 86' lang='lat' dir='ltr'><strong>fatis,</strong></span> 
     </span>
     <span class='ocr_line' id='line_1_5' title="bbox 693 949 2132 1034; baseline 0.001 -21"><span class='ocrx_word' id='word_1_23' title='bbox 693 951 1173 1015; x_wconf 86' lang='lat' dir='ltr'><strong>Decrescuntve</strong></span> <span class='ocrx_word' id='word_1_24' title='bbox 1202 950 1345 1034; x_wconf 85' lang='lat' dir='ltr'><strong>pari</strong></span> <span class='ocrx_word' id='word_1_25' title='bbox 1374 955 1634 1015; x_wconf 81' lang='lat' dir='ltr'><strong>stantve</strong></span> <span class='ocrx_word' id='word_1_26' title='bbox 1663 955 1945 1015; x_wconf 84' lang='lat' dir='ltr'><strong>ruuntve</strong></span> <span class='ocrx_word' id='word_1_27' title='bbox 1975 949 2132 1015; x_wconf 82' lang='lat' dir='ltr'><strong>vice.</strong></span> 
     </span>
    </p>

    <p class='ocr_par' dir='ltr' id='par_1_4' title="bbox 584 1061 2281 1239">
     <span class='ocr_line' id='line_1_6' title="bbox 584 1061 2281 1145; baseline 0.001 -20"><span class='ocrx_word' id='word_1_28' title='bbox 584 1062 921 1127; x_wconf 87' lang='lat' dir='ltr'><strong>Utendum</strong></span> <span class='ocrx_word' id='word_1_29' title='bbox 948 1067 1049 1127; x_wconf 87' lang='lat' dir='ltr'><strong>est</strong></span> <span class='ocrx_word' id='word_1_30' title='bbox 1076 1067 1267 1127; x_wconf 85' lang='lat' dir='ltr'><strong>aetate</strong></span> <span class='ocrx_word' id='word_1_31' title='bbox 1294 1086 1309 1125; x_wconf 75' lang='grc' dir='ltr'>ε</span> <span class='ocrx_word' id='word_1_32' title='bbox 1354 1062 1479 1126; x_wconf 89' lang='lat' dir='ltr'><strong>tibi</strong></span> <span class='ocrx_word' id='word_1_33' title='bbox 1507 1062 1722 1126; x_wconf 84' lang='lat' dir='ltr'><strong>brevis</strong></span> <span class='ocrx_word' id='word_1_34' title='bbox 1749 1061 1908 1125; x_wconf 90' lang='lat' dir='ltr'><strong>hora</strong></span> <span class='ocrx_word' id='word_1_35' title='bbox 1939 1066 2281 1145; x_wconf 85' lang='lat' dir='ltr'><strong>superstes,</strong></span> 
     </span>
     <span class='ocr_line' id='line_1_7' title="bbox 696 1174 2202 1239; baseline 0.001 -2"><span class='ocrx_word' id='word_1_36' title='bbox 696 1175 878 1238; x_wconf 88' lang='lat' dir='ltr'><strong>Dum</strong></span> <span class='ocrx_word' id='word_1_37' title='bbox 906 1174 1071 1239; x_wconf 86' lang='lat' dir='ltr'><strong>levis</strong></span> <span class='ocrx_word' id='word_1_38' title='bbox 1098 1174 1172 1237; x_wconf 85' lang='lat' dir='ltr'><strong>in</strong></span> <span class='ocrx_word' id='word_1_39' title='bbox 1203 1174 1411 1238; x_wconf 86' lang='lat' dir='ltr'><strong>vitreo</strong></span> <span class='ocrx_word' id='word_1_40' title='bbox 1442 1194 1688 1239; x_wconf 87' lang='lat' dir='ltr'><strong>earcere</strong></span> <span class='ocrx_word' id='word_1_41' title='bbox 1719 1195 1911 1239; x_wconf 86' lang='lat' dir='ltr'><strong>arena</strong></span> <span class='ocrx_word' id='word_1_42' title='bbox 1937 1176 2160 1239; x_wconf 91' lang='lat' dir='ltr'><strong>tremit</strong></span> <span class='ocrx_word' id='word_1_43' title='bbox 2189 1200 2202 1239; x_wconf 74' lang='grc' dir='ltr'><strong>ε</strong></span> 
     </span>
    </p>

    <p class='ocr_par' dir='ltr' id='par_1_5' title="bbox 584 1286 2284 1482">
     <span class='ocr_line' id='line_1_8' title="bbox 584 1286 2284 1372; baseline 0.001 -21"><span class='ocrx_word' id='word_1_44' title='bbox 584 1286 799 1351; x_wconf 88' lang='lat' dir='ltr'><strong>Stabit</strong></span> <span class='ocrx_word' id='word_1_45' title='bbox 825 1287 897 1350; x_wconf 90' lang='grc'><strong>111</strong></span> <span class='ocrx_word' id='word_1_46' title='bbox 926 1292 1237 1351; x_wconf 72' lang='lat' dir='ltr'><strong>aeternum</strong></span> <span class='ocrx_word' id='word_1_47' title='bbox 1267 1291 1382 1350; x_wconf 88' lang='lat' dir='ltr'><strong>tua</strong></span> <span class='ocrx_word' id='word_1_48' title='bbox 1412 1308 1562 1363; x_wconf 89' lang='grc'><strong>6016,</strong></span> <span class='ocrx_word' id='word_1_49' title='bbox 1592 1286 1780 1351; x_wconf 92' lang='lat' dir='ltr'><strong>modo</strong></span> <span class='ocrx_word' id='word_1_50' title='bbox 1816 1288 2053 1372; x_wconf 86' lang='lat' dir='ltr'><strong>fugerit</strong></span> <span class='ocrx_word' id='word_1_51' title='bbox 2080 1288 2284 1364; x_wconf 86' lang='lat' dir='ltr'><strong>AEtas,</strong></span> 
     </span>
     <span class='ocr_line' id='line_1_9' title="bbox 698 1399 2158 1482; baseline -0.001 -17"><span class='ocrx_word' id='word_1_52' title='bbox 698 1399 829 1465; x_wconf 86' lang='lat' dir='ltr'><strong>Seu</strong></span> <span class='ocrx_word' id='word_1_53' title='bbox 854 1404 923 1464; x_wconf 90' lang='lat' dir='ltr'><strong>te</strong></span> <span class='ocrx_word' id='word_1_54' title='bbox 952 1399 1104 1464; x_wconf 83' lang='lat' dir='ltr'><strong>laeta</strong></span> <span class='ocrx_word' id='word_1_55' title='bbox 1130 1404 1397 1464; x_wconf 87' lang='lat' dir='ltr'><strong>manent</strong></span> <span class='ocrx_word' id='word_1_56' title='bbox 1422 1405 1731 1482; x_wconf 89' lang='lat' dir='ltr'><strong>tempora,</strong></span> <span class='ocrx_word' id='word_1_57' title='bbox 1762 1399 1898 1464; x_wconf 85' lang='lat' dir='ltr'><strong>sive</strong></span> <span class='ocrx_word' id='word_1_58' title='bbox 1930 1399 2158 1465; x_wconf 91' lang='lat' dir='ltr'><strong>dolor.”</strong></span> 
     </span>
    </p>
   </div>
   <div class='ocr_carea' id='block_1_3' title="bbox 989 1653 2070 1720">
    <p class='ocr_par' dir='ltr' id='par_1_6' title="bbox 989 1653 2070 1720">
     <span class='ocr_line' id='line_1_10' title="bbox 989 1653 2070 1720; baseline -0.001 -1"><span class='ocrx_word' id='word_1_59' title='bbox 989 1653 1505 1720; x_wconf 83' lang='lat' dir='ltr'><em>EXERCISE</em></span> <span class='ocrx_word' id='word_1_60' title='bbox 1562 1655 1866 1719; x_wconf 90' lang='lat' dir='ltr'><em>LXXX</em></span> <span class='ocrx_word' id='word_1_61' title='bbox 1882 1654 2070 1719; x_wconf 89' lang='lat' dir='ltr'><em>VIII.</em></span> 
     </span>
    </p>
   </div>
   <div class='ocr_carea' id='block_1_4' title="bbox 474 1819 2464 3588">
    <p class='ocr_par' dir='ltr' id='par_1_7' title="bbox 578 1819 2102 2015">
     <span class='ocr_line' id='line_1_11' title="bbox 578 1819 2102 1905; baseline -0.002 -19"><span class='ocrx_word' id='word_1_62' title='bbox 578 1824 737 1886; x_wconf 85' lang='lat' dir='ltr'><strong>Dux</strong></span> <span class='ocrx_word' id='word_1_63' title='bbox 764 1819 1109 1888; x_wconf 68' lang='lat' dir='ltr'><strong>immatura</strong></span> <span class='ocrx_word' id='word_1_64' title='bbox 1136 1821 1552 1905; x_wconf 76' lang='lat' dir='ltr'><strong>languentem</strong></span> <span class='ocrx_word' id='word_1_65' title='bbox 1581 1826 1786 1885; x_wconf 89' lang='lat' dir='ltr'><strong>morte</strong></span> <span class='ocrx_word' id='word_1_66' title='bbox 1816 1821 2102 1904; x_wconf 81' lang='lat' dir='ltr'><strong>puellam</strong></span> 
     </span>
     <span class='ocr_line' id='line_1_12' title="bbox 688 1932 2053 2015; baseline -0.001 -18"><span class='ocrx_word' id='word_1_67' title='bbox 688 1934 975 2010; x_wconf 87' lang='lat' dir='ltr'><strong>Viderat,</strong></span> <span class='ocrx_word' id='word_1_68' title='bbox 1005 1937 1072 1997; x_wconf 90' lang='lat' dir='ltr'><strong>et</strong></span> <span class='ocrx_word' id='word_1_69' title='bbox 1098 1933 1317 2015; x_wconf 89' lang='lat' dir='ltr'><strong>tetigit</strong></span> <span class='ocrx_word' id='word_1_70' title='bbox 1345 1932 1534 1996; x_wconf 88' lang='lat' dir='ltr'><strong>corda</strong></span> <span class='ocrx_word' id='word_1_71' title='bbox 1561 1938 1832 2015; x_wconf 89' lang='lat' dir='ltr'><strong>paterna</strong></span> <span class='ocrx_word' id='word_1_72' title='bbox 1862 1932 2053 1996; x_wconf 92' lang='lat' dir='ltr'><strong>dolor.</strong></span> 
     </span>
    </p>

    <p class='ocr_par' dir='ltr' id='par_1_8' title="bbox 579 2041 2408 2239">
     <span class='ocr_line' id='line_1_13' title="bbox 579 2041 2202 2129; baseline -0.001 -20"><span class='ocrx_word' id='word_1_73' title='bbox 579 2052 612 2078; x_wconf 93' lang='lat'><strong>“</strong></span> <span class='ocrx_word' id='word_1_74' title='bbox 637 2044 769 2123; x_wconf 85' lang='lat' dir='ltr'><strong>Qui</strong></span> <span class='ocrx_word' id='word_1_75' title='bbox 796 2042 1005 2129; x_wconf 66' lang='lat' dir='ltr'><strong>patria</strong></span> <span class='ocrx_word' id='word_1_76' title='bbox 1033 2043 1358 2126; x_wconf 89' lang='lat' dir='ltr'><strong>quondam</strong></span> <span class='ocrx_word' id='word_1_77' title='bbox 1390 2044 1559 2127; x_wconf 91' lang='lat' dir='ltr'><strong>fugit</strong></span> <span class='ocrx_word' id='word_1_78' title='bbox 1587 2063 1752 2126; x_wconf 91' lang='lat' dir='ltr'><strong>puer</strong></span> <span class='ocrx_word' id='word_1_79' title='bbox 1781 2041 1937 2106; x_wconf 87' lang='lat' dir='ltr'><strong>exul</strong></span> <span class='ocrx_word' id='word_1_80' title='bbox 1967 2043 2047 2106; x_wconf 89' lang='lat' dir='ltr'><strong>ab</strong></span> <span class='ocrx_word' id='word_1_81' title='bbox 2078 2042 2202 2119; x_wconf 68' lang='lat' dir='ltr'><strong>ora,</strong></span> 
     </span>
     <span class='ocr_line' id='line_1_14' title="bbox 685 2136 2408 2239; baseline -0.003 -16"><span class='ocrx_word' id='word_1_82' title='bbox 685 2159 883 2222; x_wconf 89' lang='lat' dir='ltr'><strong>Hunc</strong></span> <span class='ocrx_word' id='word_1_83' title='bbox 910 2155 1229 2233; x_wconf 88' lang='lat' dir='ltr'><strong>referam,’&#39;</strong></span> <span class='ocrx_word' id='word_1_84' title='bbox 1258 2155 1509 2233; x_wconf 87' lang='lat' dir='ltr'><strong>clamat,</strong></span> <span class='ocrx_word' id='word_1_85' title='bbox 1541 2162 1575 2189; x_wconf 92' lang='lat'><strong>“</strong></span> <span class='ocrx_word' id='word_1_86' title='bbox 1593 2136 2059 2239; x_wconf 62' lang='lat' dir='ltr'><strong>restituamque</strong></span> <span class='ocrx_word' id='word_1_87' title='bbox 2088 2156 2408 2239; x_wconf 90' lang='lat' dir='ltr'><strong>procum.’&#39;</strong></span> 
     </span>
    </p>

    <p class='ocr_par' dir='ltr' id='par_1_9' title="bbox 575 2267 2166 2449">
     <span class='ocr_line' id='line_1_15' title="bbox 575 2267 2155 2347; baseline -0.003 -12"><span class='ocrx_word' id='word_1_88' title='bbox 575 2271 975 2335; x_wconf 78' lang='lat' dir='ltr'><strong>Praetereunt</strong></span> <span class='ocrx_word' id='word_1_89' title='bbox 1002 2270 1193 2347; x_wconf 87' lang='lat' dir='ltr'><strong>horae,</strong></span> <span class='ocrx_word' id='word_1_90' title='bbox 1223 2288 1343 2333; x_wconf 89' lang='lat' dir='ltr'><strong>nec</strong></span> <span class='ocrx_word' id='word_1_91' title='bbox 1374 2268 1615 2333; x_wconf 90' lang='lat' dir='ltr'><strong>deserit</strong></span> <span class='ocrx_word' id='word_1_92' title='bbox 1643 2267 1758 2330; x_wconf 82' lang='lat' dir='ltr'><strong>ffla</strong></span> <span class='ocrx_word' id='word_1_93' title='bbox 1786 2267 2155 2344; x_wconf 86' lang='lat' dir='ltr'><strong>fenestram,</strong></span> 
     </span>
     <span class='ocr_line' id='line_1_16' title="bbox 694 2380 2166 2449; baseline -0.003 -1"><span class='ocrx_word' id='word_1_94' title='bbox 694 2383 765 2449; x_wconf 88' lang='lat' dir='ltr'><strong>Si</strong></span> <span class='ocrx_word' id='word_1_95' title='bbox 794 2384 956 2446; x_wconf 86' lang='lat' dir='ltr'><strong>forte</strong></span> <span class='ocrx_word' id='word_1_96' title='bbox 986 2381 1339 2445; x_wconf 86' lang='lat' dir='ltr'><strong>adventum</strong></span> <span class='ocrx_word' id='word_1_97' title='bbox 1370 2385 1592 2445; x_wconf 88' lang='lat' dir='ltr'><strong>cernat</strong></span> <span class='ocrx_word' id='word_1_98' title='bbox 1622 2380 1900 2443; x_wconf 82' lang='lat' dir='ltr'><strong>amantis</strong></span> <span class='ocrx_word' id='word_1_99' title='bbox 1930 2400 2166 2444; x_wconf 89' lang='lat' dir='ltr'><strong>amans.</strong></span> 
     </span>
    </p>

    <p class='ocr_par' dir='ltr' id='par_1_10' title="bbox 576 2492 2197 2692">
     <span class='ocr_line' id='line_1_17' title="bbox 576 2492 2197 2578; baseline -0.002 -19"><span class='ocrx_word' id='word_1_100' title='bbox 576 2495 824 2559; x_wconf 83' lang='lat' dir='ltr'><strong>Rursus</strong></span> <span class='ocrx_word' id='word_1_101' title='bbox 854 2494 1035 2559; x_wconf 86' lang='lat' dir='ltr'><strong>adest</strong></span> <span class='ocrx_word' id='word_1_102' title='bbox 1056 2492 1335 2578; x_wconf 89' lang='lat' dir='ltr'><strong>juvenis,</strong></span> <span class='ocrx_word' id='word_1_103' title='bbox 1367 2499 1674 2558; x_wconf 88' lang='lat' dir='ltr'><strong>consueta</strong></span> <span class='ocrx_word' id='word_1_104' title='bbox 1707 2492 1948 2557; x_wconf 89' lang='lat' dir='ltr'><strong>cubilia</strong></span> <span class='ocrx_word' id='word_1_105' title='bbox 1975 2514 2197 2557; x_wconf 89' lang='lat' dir='ltr'><strong>rursus</strong></span> 
     </span>
     <span class='ocr_line' id='line_1_18' title="bbox 690 2606 2133 2692; baseline -0.001 -20"><span class='ocrx_word' id='word_1_106' title='bbox 690 2607 992 2692; x_wconf 84' lang='lat' dir='ltr'><strong>Suspicit,</strong></span> <span class='ocrx_word' id='word_1_107' title='bbox 1023 2613 1089 2672; x_wconf 90' lang='lat' dir='ltr'><strong>et</strong></span> <span class='ocrx_word' id='word_1_108' title='bbox 1117 2606 1417 2672; x_wconf 83' lang='lat' dir='ltr'><strong>reducem</strong></span> <span class='ocrx_word' id='word_1_109' title='bbox 1446 2606 1723 2690; x_wconf 83' lang='lat' dir='ltr'><strong>despicit</strong></span> <span class='ocrx_word' id='word_1_110' title='bbox 1751 2606 1870 2670; x_wconf 91' lang='lat' dir='ltr'><strong>illa</strong></span> <span class='ocrx_word' id='word_1_111' title='bbox 1903 2606 2133 2670; x_wconf 89' lang='lat' dir='ltr'><strong>virum.</strong></span> 
     </span>
    </p>

    <p class='ocr_par' dir='ltr' id='par_1_11' title="bbox 572 2718 2204 2917">
     <span class='ocr_line' id='line_1_19' title="bbox 572 2718 2204 2804; baseline -0.002 -20"><span class='ocrx_word' id='word_1_112' title='bbox 572 2720 907 2804; x_wconf 88' lang='lat' dir='ltr'><strong>Despicit:</strong></span> <span class='ocrx_word' id='word_1_113' title='bbox 949 2725 1020 2784; x_wconf 89' lang='lat' dir='ltr'><strong>at</strong></span> <span class='ocrx_word' id='word_1_114' title='bbox 1047 2720 1255 2804; x_wconf 84' lang='lat' dir='ltr'><strong>pallor</strong></span> <span class='ocrx_word' id='word_1_115' title='bbox 1283 2719 1634 2783; x_wconf 84' lang='lat' dir='ltr'><strong>deformem</strong></span> <span class='ocrx_word' id='word_1_116' title='bbox 1662 2719 1901 2783; x_wconf 87' lang='lat' dir='ltr'><strong>fecerat</strong></span> <span class='ocrx_word' id='word_1_117' title='bbox 1929 2718 2204 2803; x_wconf 84' lang='lat' dir='ltr'><strong>AEglen3</strong></span> 
     </span>
     <span class='ocr_line' id='line_1_20' title="bbox 685 2830 1932 2917; baseline -0.002 -20"><span class='ocrx_word' id='word_1_118' title='bbox 685 2832 754 2896; x_wconf 83' lang='lat' dir='ltr'>N</span> <span class='ocrx_word' id='word_1_119' title='bbox 754 2853 827 2897; x_wconf 93' lang='lat' dir='ltr'><strong>ec</strong></span> <span class='ocrx_word' id='word_1_120' title='bbox 854 2853 1016 2917; x_wconf 89' lang='lat' dir='ltr'><strong>puer</strong></span> <span class='ocrx_word' id='word_1_121' title='bbox 1048 2831 1349 2916; x_wconf 88' lang='lat' dir='ltr'><strong>agnoscit,</strong></span> <span class='ocrx_word' id='word_1_122' title='bbox 1380 2832 1589 2896; x_wconf 87' lang='lat' dir='ltr'><strong>rideat</strong></span> <span class='ocrx_word' id='word_1_123' title='bbox 1619 2831 1736 2895; x_wconf 89' lang='lat' dir='ltr'><strong>illa</strong></span> <span class='ocrx_word' id='word_1_124' title='bbox 1762 2830 1932 2895; x_wconf 89' lang='lat' dir='ltr'><strong>licet.</strong></span> 
     </span>
    </p>

    <p class='ocr_par' dir='ltr' id='par_1_12' title="bbox 474 2924 2464 3020">
     <span class='ocr_line' id='line_1_21' title="bbox 474 2924 2464 3020; baseline -0.002 -10"><span class='ocrx_word' id='word_1_125' title='bbox 474 2941 480 2948; x_wconf 78' lang='grc'><em>’</em></span> <span class='ocrx_word' id='word_1_126' title='bbox 574 2951 609 2978; x_wconf 90' lang='grc'><strong>“</strong></span> <span class='ocrx_word' id='word_1_127' title='bbox 626 2946 739 3009; x_wconf 93' lang='grc' dir='ltr'><strong>Μ6</strong></span> <span class='ocrx_word' id='word_1_128' title='bbox 768 2944 1130 3020; x_wconf 85' lang='grc'><strong>111166111111,”</strong></span> <span class='ocrx_word' id='word_1_129' title='bbox 1160 2943 1481 3008; x_wconf 86' lang='lat' dir='ltr'><strong>exclamat</strong></span> <span class='ocrx_word' id='word_1_130' title='bbox 1514 2963 1767 3007; x_wconf 90' lang='lat' dir='ltr'><strong>summo</strong></span> <span class='ocrx_word' id='word_1_131' title='bbox 1803 2942 2172 3007; x_wconf 83' lang='lat' dir='ltr'><strong>exanimata</strong></span> <span class='ocrx_word' id='word_1_132' title='bbox 2201 2940 2432 3017; x_wconf 88' lang='lat' dir='ltr'><strong>dolore,</strong></span> <span class='ocrx_word' id='word_1_133' title='bbox 2457 2924 2464 2932; x_wconf 45' lang='lat'><strong>⁴</strong></span> 
     </span>
    </p>

    <p class='ocr_par' dir='ltr' id='par_1_13' title="bbox 687 3052 2358 3138">
     <span class='ocr_line' id='line_1_22' title="bbox 687 3052 2358 3138; baseline -0.002 -19"><span class='ocrx_word' id='word_1_134' title='bbox 687 3062 723 3091; x_wconf 91' lang='lat'><strong><em>“</em></strong></span> <span class='ocrx_word' id='word_1_135' title='bbox 744 3057 1094 3120; x_wconf 91' lang='lat' dir='ltr'><strong>Immemor</strong></span> <span class='ocrx_word' id='word_1_136' title='bbox 1119 3055 1234 3119; x_wconf 92' lang='lat' dir='ltr'><strong>ille</strong></span> <span class='ocrx_word' id='word_1_137' title='bbox 1263 3058 1476 3138; x_wconf 89' lang='lat' dir='ltr'><strong>potest</strong></span> <span class='ocrx_word' id='word_1_138' title='bbox 1505 3055 1845 3118; x_wconf 87' lang='lat' dir='ltr'><strong>immemor</strong></span> <span class='ocrx_word' id='word_1_139' title='bbox 1886 3073 2024 3118; x_wconf 89' lang='lat' dir='ltr'><strong>esse</strong></span> <span class='ocrx_word' id='word_1_140' title='bbox 2057 3052 2188 3117; x_wconf 91' lang='lat' dir='ltr'><strong>mei</strong></span> <span class='ocrx_word' id='word_1_141' title='bbox 2205 3053 2358 3117; x_wconf 66' lang='lat' dir='ltr'><strong>‘P&#39;—</strong></span> 
     </span>
    </p>

    <p class='ocr_par' dir='ltr' id='par_1_14' title="bbox 572 3164 2203 3364">
     <span class='ocr_line' id='line_1_23' title="bbox 572 3164 2203 3251; baseline -0.002 -18"><span class='ocrx_word' id='word_1_142' title='bbox 572 3167 693 3233; x_wconf 82' lang='lat' dir='ltr'><strong>Nil</strong></span> <span class='ocrx_word' id='word_1_143' title='bbox 720 3187 920 3251; x_wconf 85' lang='lat' dir='ltr'><strong>puero</strong></span> <span class='ocrx_word' id='word_1_144' title='bbox 948 3165 1245 3242; x_wconf 72' lang='lat' dir='ltr'><strong>lacrimae,</strong></span> <span class='ocrx_word' id='word_1_145' title='bbox 1275 3166 1373 3229; x_wconf 89' lang='lat' dir='ltr'><strong>nil</strong></span> <span class='ocrx_word' id='word_1_146' title='bbox 1405 3186 1582 3229; x_wconf 91' lang='lat' dir='ltr'><strong>nunc</strong></span> <span class='ocrx_word' id='word_1_147' title='bbox 1613 3164 1890 3248; x_wconf 89' lang='lat' dir='ltr'><strong>suspiria</strong></span> <span class='ocrx_word' id='word_1_148' title='bbox 1917 3169 2203 3248; x_wconf 87' lang='lat' dir='ltr'><strong>prosunt.</strong></span> 
     </span>
     <span class='ocr_line' id='line_1_24' title="bbox 686 3277 1961 3364; baseline -0.002 -20"><span class='ocrx_word' id='word_1_149' title='bbox 686 3279 993 3364; x_wconf 86' lang='lat' dir='ltr'><strong>Virginis,</strong></span> <span class='ocrx_word' id='word_1_150' title='bbox 1022 3284 1100 3342; x_wconf 91' lang='lat' dir='ltr'><strong>ut</strong></span> <span class='ocrx_word' id='word_1_151' title='bbox 1128 3279 1389 3354; x_wconf 78' lang='lat' dir='ltr'><strong>cine‘res,</strong></span> <span class='ocrx_word' id='word_1_152' title='bbox 1422 3277 1736 3362; x_wconf 88' lang='lat' dir='ltr'><strong>diriguere</strong></span> <span class='ocrx_word' id='word_1_153' title='bbox 1767 3297 1961 3362; x_wconf 89' lang='lat' dir='ltr'><strong>genae.</strong></span> 
     </span>
    </p>

    <p class='ocr_par' dir='ltr' id='par_1_15' title="bbox 572 3381 2278 3588">
     <span class='ocr_line' id='line_1_25' title="bbox 572 3381 2278 3458; baseline -0.003 0"><span class='ocrx_word' id='word_1_154' title='bbox 572 3394 699 3458; x_wconf 86' lang='lat' dir='ltr'><strong>Sed</strong></span> <span class='ocrx_word' id='word_1_155' title='bbox 727 3398 983 3458; x_wconf 88' lang='lat' dir='ltr'><strong>teneros</strong></span> <span class='ocrx_word' id='word_1_156' title='bbox 1013 3391 1268 3458; x_wconf 86' lang='lat' dir='ltr'><strong>solvent</strong></span> <span class='ocrx_word' id='word_1_157' title='bbox 1296 3381 1449 3456; x_wconf 88' lang='lat' dir='ltr'><strong>nec¹</strong></span> <span class='ocrx_word' id='word_1_158' title='bbox 1478 3390 1766 3455; x_wconf 86' lang='lat' dir='ltr'><strong>amantia</strong></span> <span class='ocrx_word' id='word_1_159' title='bbox 1793 3409 2014 3454; x_wconf 87' lang='lat' dir='ltr'><strong>rursus</strong></span> <span class='ocrx_word' id='word_1_160' title='bbox 2043 3388 2278 3454; x_wconf 87' lang='lat' dir='ltr'><strong>ocellos</strong></span> 
     </span>
     <span class='ocr_line' id='line_1_26' title="bbox 686 3501 2104 3588; baseline -0.002 -17"><span class='ocrx_word' id='word_1_161' title='bbox 686 3505 940 3584; x_wconf 89' lang='lat' dir='ltr'><strong>Oscula,</strong></span> <span class='ocrx_word' id='word_1_162' title='bbox 970 3526 1090 3571; x_wconf 89' lang='lat' dir='ltr'><strong>nec</strong></span> <span class='ocrx_word' id='word_1_163' title='bbox 1124 3504 1373 3569; x_wconf 87' lang='lat' dir='ltr'><strong>clausos</strong></span> <span class='ocrx_word' id='word_1_164' title='bbox 1402 3505 1541 3588; x_wconf 85' lang='lat' dir='ltr'><strong>ipse</strong></span> <span class='ocrx_word' id='word_1_165' title='bbox 1570 3502 1861 3568; x_wconf 86' lang='lat' dir='ltr'><strong>recludet</strong></span> <span class='ocrx_word' id='word_1_166' title='bbox 1888 3501 2104 3568; x_wconf 87' lang='lat' dir='ltr'><strong>Amor.</strong></span> 
     </span>
    </p>
   </div>
   <div class='ocr_carea' id='block_1_5' title="bbox 1021 3757 2026 3826">
    <p class='ocr_par' dir='ltr' id='par_1_16' title="bbox 1021 3757 2026 3826">
     <span class='ocr_line' id='line_1_27' title="bbox 1021 3757 2026 3826; baseline -0.004 -1"><span class='ocrx_word' id='word_1_167' title='bbox 1021 3757 1535 3826; x_wconf 86' lang='lat' dir='ltr'><em>EXERCISE</em></span> <span class='ocrx_word' id='word_1_168' title='bbox 1594 3757 2026 3821; x_wconf 89' lang='lat' dir='ltr'><em>LXXXIX.</em></span> 
     </span>
    </p>
   </div>
   <div class='ocr_carea' id='block_1_6' title="bbox 568 3924 2252 4236">
    <p class='ocr_par' dir='ltr' id='par_1_17' title="bbox 568 3924 2252 4236">
     <span class='ocr_line' id='line_1_28' title="bbox 570 3924 2252 4012; baseline -0.004 -16"><span class='ocrx_word' id='word_1_169' title='bbox 570 3931 903 3996; x_wconf 87' lang='lat' dir='ltr'><strong>Flevimus</strong></span> <span class='ocrx_word' id='word_1_170' title='bbox 932 3930 1063 3995; x_wconf 92' lang='lat' dir='ltr'><strong>heu</strong></span> <span class='ocrx_word' id='word_1_171' title='bbox 1097 3928 1320 3994; x_wconf 86' lang='lat' dir='ltr'><strong>subter</strong></span> <span class='ocrx_word' id='word_1_172' title='bbox 1348 3926 1708 4012; x_wconf 82' lang='lat' dir='ltr'><strong>Babylonia</strong></span> <span class='ocrx_word' id='word_1_173' title='bbox 1733 3930 1912 3989; x_wconf 87' lang='grc'><strong>16016</strong></span> <span class='ocrx_word' id='word_1_174' title='bbox 1941 3924 2252 4003; x_wconf 85' lang='lat' dir='ltr'><strong>sedentes,</strong></span> 
     </span>
     <span class='ocr_line' id='line_1_29' title="bbox 679 4037 2118 4127; baseline -0.004 -19"><span class='ocrx_word' id='word_1_175' title='bbox 679 4044 830 4108; x_wconf 89' lang='lat' dir='ltr'><strong>Ibat</strong></span> <span class='ocrx_word' id='word_1_176' title='bbox 858 4043 974 4108; x_wconf 87' lang='lat' dir='ltr'><strong>ubi</strong></span> <span class='ocrx_word' id='word_1_177' title='bbox 1001 4041 1270 4127; x_wconf 87' lang='lat' dir='ltr'><strong>liquidis</strong></span> <span class='ocrx_word' id='word_1_178' title='bbox 1298 4041 1618 4126; x_wconf 89' lang='lat' dir='ltr'><strong>plurimus</strong></span> <span class='ocrx_word' id='word_1_179' title='bbox 1649 4039 1858 4103; x_wconf 87' lang='lat' dir='ltr'><strong>amnis</strong></span> <span class='ocrx_word' id='word_1_180' title='bbox 1889 4037 2074 4122; x_wconf 81' lang='lat' dir='ltr'><strong>aquis</strong></span> <span class='ocrx_word' id='word_1_181' title='bbox 2099 4062 2118 4119; x_wconf 91' lang='lat'>;</span> 
     </span>
     <span class='ocr_line' id='line_1_30' title="bbox 568 4151 2074 4236; baseline -0.003 -16"><span class='ocrx_word' id='word_1_182' title='bbox 568 4155 918 4232; x_wconf 78' lang='lat' dir='ltr'><strong>FlevimuS,</strong></span> <span class='ocrx_word' id='word_1_183' title='bbox 950 4161 1028 4220; x_wconf 92' lang='lat' dir='ltr'><strong>ut</strong></span> <span class='ocrx_word' id='word_1_184' title='bbox 1054 4160 1343 4220; x_wconf 89' lang='lat' dir='ltr'><strong>mentem</strong></span> <span class='ocrx_word' id='word_1_185' title='bbox 1372 4153 1574 4218; x_wconf 88' lang='lat' dir='ltr'><strong>subiit</strong></span> <span class='ocrx_word' id='word_1_186' title='bbox 1605 4151 1817 4218; x_wconf 88' lang='lat' dir='ltr'><strong>Sionis</strong></span> <span class='ocrx_word' id='word_1_187' title='bbox 1846 4151 2074 4236; x_wconf 85' lang='lat' dir='ltr'><strong>imag0,</strong></span> 
     </span>
    </p>
   </div>
   <div class='ocr_carea' id='block_1_7' title="bbox 480 4263 2567 4450">
    <p class='ocr_par' dir='ltr' id='par_1_18' title="bbox 480 4263 2567 4450">
     <span class='ocr_line' id='line_1_31' title="bbox 681 4263 2018 4352; baseline -0.004 -19"><span class='ocrx_word' id='word_1_188' title='bbox 681 4270 771 4333; x_wconf 91' lang='lat' dir='ltr'><strong>Et</strong></span> <span class='ocrx_word' id='word_1_189' title='bbox 798 4267 996 4352; x_wconf 89' lang='lat' dir='ltr'><strong>patrii</strong></span> <span class='ocrx_word' id='word_1_190' title='bbox 1024 4287 1362 4350; x_wconf 86' lang='lat' dir='ltr'><strong>nunquam</strong></span> <span class='ocrx_word' id='word_1_191' title='bbox 1392 4285 1543 4329; x_wconf 86' lang='lat' dir='ltr'><strong>rura</strong></span> <span class='ocrx_word' id='word_1_192' title='bbox 1568 4264 1852 4330; x_wconf 84' lang='lat' dir='ltr'><strong>videnda</strong></span> <span class='ocrx_word' id='word_1_193' title='bbox 1881 4263 2018 4328; x_wconf 83' lang='lat' dir='ltr'><strong>soli.</strong></span> 
     </span>
     <span class='ocr_line' id='line_1_32' title="bbox 480 4379 2567 4450; baseline -0.004 -10"><span class='ocrx_word' id='word_1_194' title='bbox 480 4385 498 4420; x_wconf 88' lang='lat'>¹</span> <span class='ocrx_word' id='word_1_195' title='bbox 526 4388 606 4440; x_wconf 74' lang='lat' dir='ltr'><strong>Cf.</strong></span> <span class='ocrx_word' id='word_1_196' title='bbox 635 4387 792 4449; x_wconf 82' lang='lat' dir='ltr'><strong>Ovid,</strong></span> <span class='ocrx_word' id='word_1_197' title='bbox 812 4387 942 4439; x_wconf 84' lang='lat' dir='ltr'><strong>Her.</strong></span> <span class='ocrx_word' id='word_1_198' title='bbox 964 4386 1035 4437; x_wconf 82' lang='lat' dir='ltr'><strong>xi.</strong></span> <span class='ocrx_word' id='word_1_199' title='bbox 1056 4387 1126 4437; x_wconf 87' lang='grc'><strong>69</strong></span> <span class='ocrx_word' id='word_1_200' title='bbox 1150 4405 1164 4436; x_wconf 73' lang='lat'>2</span> <span class='ocrx_word' id='word_1_201' title='bbox 1204 4389 1238 4414; x_wconf 76' lang='lat'><strong>‘⁸</strong></span> <span class='ocrx_word' id='word_1_202' title='bbox 1250 4383 1522 4450; x_wconf 87' lang='lat' dir='ltr'><strong>Dicit-que</strong></span> <span class='ocrx_word' id='word_1_203' title='bbox 1544 4383 1818 4449; x_wconf 78' lang='lat' dir='ltr'><strong>precantia</strong></span> <span class='ocrx_word' id='word_1_204' title='bbox 1840 4380 2058 4441; x_wconf 80' lang='lat' dir='ltr'><strong>verba‚’&#39;</strong></span> <span class='ocrx_word' id='word_1_205' title='bbox 2082 4379 2187 4431; x_wconf 85' lang='lat' dir='ltr'><strong>ancl</strong></span> <span class='ocrx_word' id='word_1_206' title='bbox 2212 4380 2278 4431; x_wconf 75' lang='lat' dir='ltr'><strong>A.</strong></span> <span class='ocrx_word' id='word_1_207' title='bbox 2301 4379 2368 4430; x_wconf 75' lang='lat' dir='ltr'><strong>A.</strong></span> <span class='ocrx_word' id='word_1_208' title='bbox 2391 4380 2424 4430; x_wconf 91' lang='lat' dir='ltr'><strong>i.</strong></span> <span class='ocrx_word' id='word_1_209' title='bbox 2441 4379 2567 4434; x_wconf 74' lang='lat'><strong>371.</strong></span> 
     </span>
    </p>
   </div>
  </div>
 </body>
</html>
