3181 4990
626 420 710 500 58
796 420 1031 485 KEY
1074 418 1197 485 To
1238 417 1956 485 PROGRESSIVE
1997 416 2578 485 EXERCISES

728 616 815 679 Et
842 615 1007 679 mihi
1032 614 1387 699 pallentem
1412 614 1800 679 contristant
1825 614 2062 699 frigora
2083 614 2308 689 vitam,

828 729 1189 813 Flabraque
1216 748 1369 792 cum
1394 728 1640 811 pluviis
1667 727 2016 812 irrequieta
2041 727 2194 792 suis.

728 842 1061 908 Praeterito
1088 860 1273 907 meus
1299 841 1501 905 haeret
1528 862 1723 918 amor,
1753 840 1868 906 aed
1895 860 2172 925 quaeque
2191 841 2486 925 juventae

829 956 989 1040 Spes
1016 955 1221 1038 perit:
1266 960 1336 1018 et
1360 956 1579 1018 moeeti
1605 955 1768 1019 flent
1794 955 1938 1019 sine
1963 954 2100 1019 sole
2125 954 2282 1017 dies.

722 1068 921 1134 Disce
950 1073 1160 1132 tacere
1184 1072 1420 1143 tamen,
1450 1087 1559 1131 eor
1582 1067 1816 1145 flebile,
1842 1068 2034 1131 mitte
2061 1064 2419 1150 querellam

829 1181 1066 1245 Invida
1092 1180 1193 1245 sol
1218 1180 1393 1245 ultra
1418 1180 1648 1244 nubila
1671 1181 1850 1247 lueet
1877 1180 2105 1245 adhuc.

726 1294 875 1359 Sors
902 1298 1019 1358 tua
1046 1293 1406 1358 eommunis
1433 1293 1666 1357 mundi
1693 1319 1707 1358 :
1751 1314 1870 1358 sua
1897 1294 2132 1377 cuique
2158 1290 2440 1376 procella
2463 1313 2480 1367 ;

826 1405 1080 1490 Cuique
1107 1406 1211 1471 sui
1238 1405 1562 1489 quondam
1588 1406 1752 1471 flent
1778 1406 1918 1470 sine
1947 1405 2084 1470 sole
2109 1405 2263 1471 dies·

1286 1624 1804 1691 EXERCISE
1860 1626 2022 1690 XL.

721 1792 945 1879 Lydia,
974 1792 1157 1879 pone‘
1172 1792 1409 1877 chelyn
1436 1818 1451 1857 ε
1496 1793 1596 1857 nil
1623 1812 1725 1858 ars
1753 1793 1930 1858 valet
1957 1794 2088 1859 ista
2114 1793 2404 1870 canendi,

828 1907 919 1972 Ni
948 1926 1133 1973 mens
1162 1906 1518 1972 sollicitum
1546 1912 1724 1971 mota
1749 1907 2030 1972 resolvat
2057 1928 2222 1972 onus
2251 1932 2266 1972 ε

724 2022 935 2098 Mens,
964 2020 1250 2095 animata
1279 2020 1519 2104 chelys,
1553 2020 1960 2105 Zephyrique
1987 2027 2056 2086 et
2089 2021 2243 2086 solis
2271 2020 2548 2095 alumna,

820 2135 975 2199 Non
1002 2134 1132 2197 nisi
1160 2133 1381 2197 divino
1406 2133 1643 2217 pollice
1671 2139 1844 2197 tacta
1875 2134 2088 2198 canit:

721 2247 979 2331 Quippe
1004 2246 1121 2311 ubi
1146 2246 1309 2311 flens
1338 2246 1499 2311 eoelo
1524 2246 1740 2311 Pietas
1768 2246 2106 2323 delabitur,
2133 2250 2202 2310 et
2230 2246 2407 2330 SpeS,

828 2360 915 2423 Et
945 2359 1170 2436 Pavor,
1199 2363 1265 2423 et
1293 2359 1599 2424 comitem
1632 2379 1700 2425 se
1729 2378 1956 2444 magus
1986 2359 2167 2423 addit
2193 2359 2431 2437 Amor;

725 2470 820 2538 Hi
846 2472 987 2537 vice
1017 2471 1293 2556 quisque
1323 2470 1440 2538 sua
1465 2472 1731 2557 penitus
1759 2472 2104 2557 praeoordia
2129 2476 2401 2548 tentant,

820 2584 978 2662 Neo,
1007 2584 1139 2649 nisi
1166 2605 1316 2650 cum
1344 2586 1621 2670 fugiunt,
1649 2605 1834 2651 mens
1862 2586 2145 2651 resoluta
2173 2586 2362 2652 canit.

1276 2803 1794 2871 EXERCISE
1857 2805 2054 2870 XLI.

724 2969 982 3038 Occidit
1010 2970 1138 3035 heu
1167 2971 1491 3059 Princep3‚
1515 2977 1711 3057 caput
1735 2972 2168 3058 insuperabile
2196 2974 2407 3055 be1103

736 3081 1201 3258 {Vulneribus
1230 3083 1471 3168 patulis
1500 3085 1717 3172 turpia
1745 3088 2032 3154 membra
2051 3087 2286 3171 jacent.

809 3196 1232 3280 Membraque
1254 3197 1631 3264 vulneribus
1663 3198 1972 3264 dilaniata
1999 3205 2238 3284 patent.

731 3307 954 3376 Talem
983 3309 1120 3372 fata
1147 3329 1371 3374 necem
1401 3317 1755 3394 spernunt:
1801 3333 1954 3378 mox
1982 3313 2120 3397 ipse
2149 3322 2505 3392 cruentum,

826 3421 1115 3487 Victima
1143 3422 1436 3499 nobilior,
1464 3444 1580 3488 rex
1609 3431 1857 3508 premet
1886 3447 1994 3492 ore
2023 3426 2248 3494 solum„

723 3531 925 3597 Illum
952 3538 1184 3598 moesta
1211 3533 1326 3598 diu
1352 3535 1632 3622 plorabit
1664 3539 1979 3604 Hibernia
2005 3545 2302 3624 raptum:

822 3646 950 3711 Par
977 3645 1078 3711 illi
1106 3667 1295 3712 nemo
1326 3650 1816 3734 conspiciendus
1845 3652 1985 3717 erit.

724 3757 966 3822 Moesta
994 3758 1109 3823 diu
1136 3760 1332 3826 misto
1360 3761 1589 3827 referet
1618 3763 1728 3846 pia
1762 3764 2046 3828 carmina
2071 3719 2244 3842 fletu,

824 3870 1124 3935 Carmina
1150 3892 1281 3937 non
1310 3873 1444 3937 ullo
1475 3873 1841 3958 deperitura
1869 3876 1990 3942 die.

722 3979 1030 4065 Undique
1058 3983 1321 4048 feralem
1350 4006 1647 4070 eampum
1680 4007 1872 4072 super
1899 3989 2144 4073 ingruit
2171 3991 2405 4068 horror,

823 4093 979 4176 Ipsa
1005 4093 1169 4158 latet
1197 4095 1387 4161 caedis
1419 4099 1679 4163 condita
1703 4102 1877 4166 nube
1903 4101 2056 4167 dies,

726 4203 971 4281 Texite,
998 4226 1334 4291 germanae‚
1364 4209 1631 4275 fatalem
1663 4213 1869 4279 texite
1897 4214 2113 4279 telam.

823 4315 1065 4396 Sistite,
1094 4339 1427 4404 germanae,
1456 4322 1667 4389 sistite
1692 4348 1708 4403 ;
1750 4331 1958 4391 cessat
1985 4345 2163 4411 opum.
