3181 4990
661 467 708 529 4
833 447 982 512 ΚΕ
1000 445 1064 510 Y
1109 445 1227 510 To
1271 445 1853 511 PROGRESSI
1865 445 1991 510 VE
2032 426 2319 511 EXER
2330 424 2615 514 CJSES

1291 721 1810 789 EXERCISE
1867 723 2004 789 IX.
2045 722 2139 787 X.

768 891 868 956 Sis
899 889 1080 968 mihi,
1111 891 1384 968 Christe,
1415 912 1629 957 comes
1652 917 1665 956 ε
1688 976 1703 988 ο
1705 892 1733 976 j
1739 912 1843 955 am
1871 889 2157 974 vesperis
2186 889 2429 974 ingruit
2457 889 2649 968 hora;

867 1005 1242 1069 Densantur
1268 1005 1589 1070 tenebrae:
1634 1005 1723 1069 sis
1752 1005 1933 1081 mihi,
1966 1003 2237 1080 Christe,
2267 1023 2493 1068 comes.

770 1117 865 1181 Ut
897 1117 1055 1182 socii
1082 1117 1338 1201 pariter,
1366 1118 1607 1200 pariter
1635 1117 1865 1182 solatia
1893 1117 2124 1194 desint,

869 1230 974 1294 Sis
1005 1251 1232 1307 comes,
1263 1236 1456 1314 atque
1486 1231 1669 1314 inopi
1697 1235 1773 1294 tu
1802 1231 1969 1295 mihi
1994 1231 2206 1315 perfer
2232 1249 2435 1314 opem.

769 1342 952 1407 Finis
981 1343 1164 1408 adest
1192 1343 1380 1408 vitae:
1421 1348 1592 1408 retro
1621 1344 1836 1408 brevis
1868 1345 2072 1408 effluit
2100 1349 2253 1408 aetas
2280 1369 2294 1408 ε

870 1456 1322 1540 Languescunt
1350 1456 1578 1520 mundi
1605 1456 1856 1540 gaudia,
1885 1457 2117 1522 transit
2144 1457 2361 1521 honos,

770 1567 888 1632 Nil
917 1588 1049 1661 non
1078 1568 1439 1646 deciduum,
1469 1569 1566 1633 nil
1595 1590 1727 1633 non
1756 1571 2068 1635 mutabile
2099 1590 2324 1634 cerno:

873 1681 1004 1758 Qui
1030 1702 1164 1746 non
1190 1683 1480 1758 mutariS,
1511 1683 1601 1748 sis
1628 1683 1811 1760 mihi,
1842 1684 2113 1760 Christe,
2143 1703 2370 1747 comes

774 1882 1104 1964 Quotquot
1132 1887 1292 1946 eunt
1319 1883 1502 1960 soles,
1533 1884 1726 1948 orbus
1756 1889 1873 1948 tua
1898 1884 2169 1949 numina
2196 1904 2388 1968 posco
2414 1909 2426 1947 ε

873 1994 1089 2058 Rebus
1117 1994 1189 2057 in
1219 1996 1523 2060 extremis
1553 2002 1629 2060 tu
1658 1997 1822 2060 mihi
1851 1998 1987 2062 sola
2015 1998 2206 2062 salus.

772 2106 870 2169 Tu
898 2107 1072 2171 solus
1101 2127 1315 2171 rerum
1345 2108 1479 2172 dux
1508 2114 1575 2173 et
1603 2085 1809 2174 tutela
1837 2131 2141 2187 mearum,

871 2218 1116 2283 Lucida
1143 2241 1258 2284 seu
1285 2221 1516 2304 prodit,
1548 2242 1662 2286 seu
1689 2223 2044 2300 tenebrosa,
2073 2222 2223 2287 dies,

772 2332 861 2396 Te
887 2338 1203 2415 praesente
1231 2334 1456 2398 minax
1484 2334 1583 2398 nil
1616 2356 1720 2400 me
1750 2336 2177 2401 tremefecerit
2203 2334 2409 2400 hostis
2434 2358 2449 2413 ;

872 2444 1095 2510 Fletus
1127 2446 1436 2525 amaritie,
1467 2447 1750 2530 pondere
1782 2469 1950 2526 cura,
1980 2455 2167 2514 caret.

773 2557 1063 2621 Vulnera
1090 2578 1266 2621 nunc
1295 2558 1413 2621 ubi
1443 2565 1613 2635 sunt,
1644 2560 1761 2623 ubi
1789 2558 1964 2625 nunc
1992 2560 2264 2626 victoria
2294 2561 2569 2625 Mortis?

875 2668 1181 2746 Qualibet
1209 2670 1281 2733 in
1308 2670 1528 2755 pugna
1556 2677 1623 2735 te
1653 2670 1815 2735 duce
1848 2672 2055 2737 victor
2084 2694 2206 2738 ero·

775 2782 951 2847 Crux
979 2786 1094 2845 tua
1124 2781 1211 2846 sit
1238 2803 1519 2865 praesens
1552 2784 1718 2847 mihi
1747 2804 1949 2867 quum
1980 2786 2361 2851 claudentur
2389 2785 2591 2859 ocelli,

877 2893 1190 2977 Claraque
1218 2916 1334 2978 per
1361 2897 1659 2961 tenebras
1692 2903 2007 2963 monstret
2036 2905 2069 2931 “
2092 2898 2175 2962 ad
2204 2904 2375 2963 astra
2403 2896 2626 2962 viam.”

778 3005 936 3072 Orta
965 3006 1101 3071 dies
1131 3008 1292 3072 coelo
1322 3014 1458 3085 est;
1503 3011 1829 3075 terrestria
1857 3011 2084 3075 nubila
2112 3012 2352 3075 cedunt
2377 3035 2393 3090 ;

875 3119 1062 3197 Vivo,
1095 3140 1209 3185 seu
1238 3122 1488 3200 morior,
1521 3123 1611 3187 sis
1642 3123 1823 3201 mihi,
1856 3124 2131 3202 Christe,
2160 3145 2386 3189 comes.

1196 3390 1716 3455 EXERCISE
1778 3391 2215 3454 XL—XJJJ.

779 3555 1049 3637 Rumpe,
1081 3554 1362 3633 Melisse,
1393 3577 1604 3621 moras
1634 3581 1647 3621 :
1694 3578 1821 3642 quo
1851 3578 1982 3621 non
2010 3558 2329 3642 pernicior
2354 3559 2516 3623 alter

879 3666 1155 3731 Cervina
1183 3668 1412 3733 solitus
1440 3670 1612 3753 pelle
1641 3670 1839 3755 ligare
1863 3671 2095 3754 pedem
2126 3696 2138 3735 :

780 3780 1049 3862 Rumpe,
1086 3780 1371 3859 Melisse,
1404 3803 1614 3847 moras
1643 3807 1656 3847 ε
1702 3784 1873 3848 vires
1902 3805 2034 3848 non
2062 3783 2311 3848 addidit
2340 3803 2629 3866 unquam

882 3892 1093 3956 Causa
1114 3892 1283 3977 fugae
1311 3895 1526 3959 nervis
1554 3900 1691 3959 tam
1718 3897 1928 3981 gravis
1958 3902 2108 3961 ante
2138 3898 2284 3961 tuis.

780 4005 1046 4068 Pectore
1074 4009 1152 4068 tu
1180 4006 1332 4069 forti
1360 4007 1460 4071 fac
1491 4007 1760 4072 scandas
1792 4008 1991 4073 ardua
2018 4009 2258 4073 montis
2283 4032 2299 4087 ;

882 4116 1158 4199 Corripe,
1189 4124 1266 4181 ut
1294 4138 1333 4181 a
1362 4139 1613 4185 summo
1641 4121 1882 4186 vertice
1905 4122 2099 4198 rivus,
2128 4121 2294 4185 iter:

779 4228 1031 4311 Perque
1059 4250 1289 4312 parum
1318 4236 1494 4296 tutas
1523 4232 1679 4317 agili
1711 4234 1875 4318 pede
1905 4254 2086 4299 curre
2114 4233 2399 4318 paludeS,
2494 4304 2505 4315 ⁴

881 4342 967 4404 Et
996 4341 1138 4406 loca
1163 4343 1384 4409 fallaci
1411 4345 1526 4409 vix
1557 4345 1853 4411 adeunda
1881 4346 2039 4413 luto.
