3181 4990
633 406 722 485 46
795 404 1026 469 KEY
1070 405 1190 473 TO
1233 401 1944 468 PROGRESSIVE
1987 400 2564 467 EXERCISES

724 606 756 631 “
782 597 1085 680 Optimus
1114 594 1223 658 hic
1252 594 1464 659 socius
1494 593 1638 669 fuit,
1668 593 1776 656 hic
1812 592 2195 656 mitissimus
2224 592 2570 657 hostis.'’—

836 709 1130 773 Membra
1156 712 1377 772 tamen
1402 712 1602 784 motu,
1631 726 1957 770 murmure
1983 705 2208 789 lingua
2235 710 2420 771 caret.

723 897 876 961 Una
904 895 1179 980 puellari
1208 914 1472 978 surgens
1503 913 1584 957 ex
1615 892 1868 976 agmine
1901 913 2123 976 gressu

834 1008 1102 1072 Furtivo
1130 1007 1363 1071 leviter
1392 1004 1520 1089 quo
1544 1006 1718 1088 jacet
1747 1005 1861 1069 ille
1891 1005 2076 1069 venit
2104 1030 2117 1068 ε

720 1121 1027 1185 Detrahit
1055 1141 1094 1184 a
1121 1120 1311 1182 vultu
1339 1117 1856 1201 vestem—(nam
1888 1122 2069 1181 veste
2098 1117 2454 1201 latebat)—

835 1234 962 1297 Ina
987 1237 1209 1296 tamen
1238 1231 1423 1295 siccis
1454 1231 1623 1295 sedit
1651 1235 1727 1293 ut
1757 1236 1906 1294 ante
1929 1230 2128 1314 genis,

723 1346 941 1431 Surgit
969 1366 1131 1408 anus
1160 1345 1384 1407 novics
1419 1343 1617 1407 denos
1648 1364 1791 1427 quae
1819 1342 2072 1407 viderat
2101 1363 2300 1406 annos
2327 1367 2340 1405 ε

834 1458 1125 1542 Imponit
1157 1477 1446 1540 puerum,
1480 1456 1715 1541 pignus
1744 1455 1965 1532 herile,
1995 1476 2180 1539 genu.

724 1571 1011 1636 Solvitur
1036 1570 1108 1634 in
1135 1568 1432 1633 lacrimas
1462 1569 1700 1632 aestivae
1727 1589 1903 1633 more
1931 1569 2226 1652 procellae
2255 1594 2267 1632 ε

838 1692 872 1717 “
893 1684 981 1748 Τ9
1009 1682 1210 1758 vivo,”
1241 1682 1425 1758 dixit,
1459 1682 1636 1745 “lux
1665 1702 1825 1759 mea,
1857 1682 1996 1746 vita
2023 1682 2284 1765 placet.”
2297 1674 2320 1713 ¹

1334 1974 1848 2040 EXERCISE
1893 1975 2020 2039 JV.

724 2143 907 2209 Sedit
933 2142 1277 2206 inaccessis
1306 2141 1595 2205 Libertas
1623 2141 1955 2205 montibus
1986 2141 2158 2218 olim,
2410 2212 2422 2225 ,

837 2255 1120 2339 Fulgura
1149 2254 1305 2317 dum
1334 2253 1509 2316 nudo
1540 2253 1663 2317 sub
1691 2255 1856 2336 pede
1888 2260 2080 2337 rupta
2106 2258 2351 2318 tonant.

725 2369 1183 2433 Contremuere
1213 2386 1405 2449 super
1432 2372 1469 2398 “
1489 2366 1807 2429 radiantia
1836 2366 2044 2430 sidera
2076 2366 2353 2432 mundi.'’

831 2479 1067 2544 Audiit
1093 2479 1394 2544 immistae
1425 2479 1553 2563 qua
1581 2478 1907 2543 sociantur
1933 2500 2129 2563 aquae.

835 2592 1137 2657 Flumina
1165 2592 1406 2656 collisis
1439 2592 1781 2657 insonuere
1808 2593 2006 2658 vadis,
2158 2491 2202 2661 }

720 2705 849 2768 Illa
877 2705 1057 2768 sedet
1084 2728 1101 2785 ;
1147 2710 1417 2788 tutoque
1449 2705 1675 2788 procul
1702 2705 1921 2770 laetata
1948 2726 2202 2771 recessu

835 2818 1068 2882 Secum
1096 2815 1359 2881 fatidica
1388 2837 1543 2881 voce
1573 2817 1794 2882 futura
1823 2819 1998 2883 canit
2025 2844 2040 2883 ε

724 2930 891 2993 Rara
921 2928 1035 2994 sed
1061 2930 1343 3014 ingentis
1372 2935 1690 2994 venerunt
1722 2929 2039 3015 fragmina
2066 2933 2260 3010 vociS‚

837 3043 1179 3126 Fragmina
1206 3036 1581 3107 volvendis²
1611 3042 1856 3106 credita
1883 3044 2269 3109 flaminibus,

723 3155 889 3218 Mox
918 3155 1243 3238 speculam
1272 3156 1576 3239 linquens
1607 3154 1803 3238 1111119,
1833 3176 1948 3238 per
1979 3177 2129 3221 rura
2155 3178 2271 3241 per
2298 3159 2488 3222 urbes

838 3267 1075 3344 Prodit,
1107 3272 1174 3331 et
1201 3267 1561 3333 humanum
1590 3268 1746 3332 visit
1777 3269 1983 3332 amica
2010 3290 2251 3352 genus:

722 3378 1041 3461 Denique,
1071 3379 1387 3461 paulatim
1415 3381 1626 3464 posito
1651 3380 1988 3458 velamine,
2021 3381 2253 3464 pandit

838 3491 1047 3567 Quam
1076 3491 1360 3554 nitidum
1389 3492 1460 3554 in
1488 3495 1626 3556 toto
1656 3492 1900 3577 fulgeat
1927 3514 2034 3558 ore
2066 3493 2272 3559 decus,

1355 3773 1870 3840 EXERCISE
1933 3775 2002 3839 V.

720 3938 867 4004 Flet
894 3938 1146 4022 quoties
1176 3959 1314 4003 sero
1350 3940 1750 4005 descendunt
1777 3962 2040 4026 vespere
2069 3963 2258 4020 rores,

834 4050 982 4116 Flet
1009 4071 1181 4115 rores
1207 4052 1496 4117 nondum
1525 4053 1894 4119 decuticnte
1923 4055 2068 4120 die:

704 4242 725 4277 ¹
763 4243 843 4295 cf.
870 4242 1078 4305 Qatnu,
1110 4246 1193 4308 68,
1226 4247 1327 4297 160
1348 4264 1361 4296 z
1400 4247 1573 4298 “Lux
1595 4265 1729 4311 mea,
1753 4250 1859 4316 qufl.
1880 4249 2002 4302 viva
2024 4249 2204 4302 vivere
2227 4249 2382 4302 dulce
2405 4251 2537 4303 mihi
2559 4253 2693 4305 est.”

706 4324 729 4357 ²
747 4325 825 4377 Of.
846 4325 993 4393 Virg.
1020 4326 1143 4378 AE'n.
1171 4327 1243 4378 ix.
1276 4326 1306 4382 7
1327 4346 1340 4379 =
1382 4333 1414 4358 ‘⁴
1428 4329 1707 4382 Volvenda
1729 4331 1842 4382 dies
1865 4348 1929 4382 en
1955 4332 2144 4384 attulit
2166 4333 2357 4386 ultro.'’
