3181 4990
766 414 932 477 .IN
967 414 1093 477 LA
1115 413 1295 477 TIN
1328 413 1779 480 ELEGIAC
1835 414 2180 480 VERSE.
2469 431 2542 495 31

903 748 1420 816 EXERCISE
1462 748 2118 816 XCVJL—XCJX.

570 928 819 1006 Lesbia,
849 950 984 993 non
1013 928 1157 993 auri
1184 950 1291 995 me
1321 930 1493 1015 cogit
1523 930 1700 995 abire
1730 930 1966 1015 cupido
1990 953 2008 1010 ;

665 1042 734 1106 N
734 1062 819 1106 on
848 1042 1037 1106 famae
1065 1062 1296 1125 perago
1327 1041 1562 1107 ductus
1593 1063 1805 1109 amore
1832 1043 2008 1109 viam
2041 1066 2056 1106 ε

579 1154 814 1219 Rideat
842 1154 1015 1219 alma
1040 1154 1199 1219 licet
1224 1154 1419 1219 vultu
1446 1155 1708 1219 fortuna
1735 1175 1975 1232 serene,

668 1268 811 1332 Nec
838 1266 1052 1331 laudis
1080 1266 1329 1331 meritae
1357 1268 1625 1351 praemia
1653 1268 1816 1332 ferre
1848 1273 2040 1333 vetet.

567 1381 663 1445 At
690 1385 943 1444 nostros
973 1400 1204 1444 aurum
1230 1400 1487 1464 gressus
1516 1386 1738 1445 tamen
1767 1385 1953 1465 urget
1981 1380 2214 1455 euntis,

664 1493 760 1556 At
788 1493 1028 1556 famam
1058 1491 1350 1575 cupidus,
1386 1490 1514 1575 que
1540 1498 1731 1557 vocat
1757 1493 1874 1557 illa
1905 1513 2137 1577 sequor
2164 1517 2178 1556 ε

573 1605 832 1670 Scilicet
860 1605 1125 1670 alterius
1155 1604 1325 1669 colat
1355 1610 1431 1669 ut
1462 1626 1631 1670 nova
1657 1606 1867 1690 gratia
1893 1606 2188 1681 frontem,

669 1718 931 1783 Crescat
958 1724 1035 1782 ut
1062 1718 1329 1783 alterius
1356 1738 1596 1783 nomen
1623 1719 1862 1785 honore
1892 1739 2052 1785 mec.

577 1942 697 2007 Nil
726 1942 905 2007 aliud
932 1962 1151 2026 quaero
1174 1964 1191 2023 3
1244 1941 1337 2006 sic
1366 1945 1433 2005 te
1464 1941 1744 2006 caruisse
1772 1962 2116 2026 parumper

668 2056 1038 2131 PossumuS,
1073 2052 1271 2138 e-que
1302 2060 1417 2120 tuo
1448 2054 1706 2138 longius
1736 2054 1830 2118 ire
1860 2054 2010 2118 sinu
2037 2079 2051 2118 ε

576 2168 895 2253 Linquere
926 2168 1019 2233 sic
1047 2188 1295 2251 pacem,
1324 2188 1598 2251 quaeque
1630 2168 1762 2231 otia
1792 2167 2073 2231 fovimus
2102 2165 2250 2242 une,

500 2262 507 2267 ’
673 2281 773 2346 Tu
801 2282 1058 2365 quoties
1088 2280 1257 2344 risus
1288 2280 1419 2345 fida
1446 2280 1672 2363 puella
1702 2280 1914 2345 dabas.

581 2394 729 2457 Itur
755 2394 827 2458 in
857 2394 1159 2469 invisum,
1189 2413 1335 2457 mea
1364 2392 1615 2469 Lesbia,
1645 2392 1900 2456 fortiter
1928 2392 2164 2468 orbem,

674 2507 805 2586 Qui
834 2507 1001 2570 mihi
1029 2528 1163 2571 non
1192 2505 1378 2570 nulls
1406 2511 1590 2590 parte
1625 2506 1944 2591 petendus
1979 2505 2118 2588 erit.

578 2621 741 2685 Fata
769 2641 1000 2705 sequor
1030 2620 1273 2684 dubius
1302 2620 1658 2704 peregrinis
1690 2619 1880 2684 exsul
1908 2619 2134 2696 arenis,

676 2733 1031 2817 AElquoreas
1060 2751 1259 2798 ausus
1290 2732 1640 2798 sollicitare
1669 2731 1827 2796 vias.

582 2958 927 3040 Quumque
955 2957 1079 3021 erit
1107 2963 1181 3020 ut
1213 2962 1500 3020 nostram
1529 2957 1788 3020 decoret
1817 2976 1935 3020 sua
1962 2955 2179 3020 laurea
2207 2956 2500 3032 frontem,

676 3070 798 3134 Est
826 3069 944 3132 ubi
972 3089 1105 3133 non
1133 3068 1362 3132 titulos
1393 3068 1713 3151 spreverit
1742 3088 1875 3132 una
1905 3087 2084 3132 meos
2115 3092 2128 3130 :

581 3183 928 3264 Quumque
958 3201 1113 3246 auro
1146 3180 1372 3264 potiar,
1402 3179 1587 3264 parta
1615 3180 1908 3244 mercede
1937 3180 2246 3257 laborum,

677 3296 799 3360 Est
828 3295 946 3359 ubi
973 3293 1372 3378 temporibus
1399 3295 1670 3378 gesserit
1697 3314 1832 3358 una
1861 3294 2012 3360 suis.

586 3409 932 3491 Quumque
963 3408 1088 3472 erit
1115 3413 1191 3470 ut
1218 3407 1444 3490 patriae
1473 3407 1720 3472 natalia
1746 3427 1895 3472 rura
1922 3407 2219 3484 revisam,

677 3520 765 3584 Et
794 3525 1030 3584 nostrae
1058 3540 1205 3603 pars
1236 3520 1323 3583 sit
1358 3525 1644 3603 quaestus
1674 3525 1944 3603 uterque
1968 3519 2093 3585 viae
2121 3544 2136 3598 ;

578 3633 697 3696 Est
725 3632 843 3695 ubi
870 3652 986 3714 per
1014 3631 1260 3695 medios
1289 3651 1530 3714 ponam
1557 3631 1833 3714 vestigia
1860 3632 2044 3707 risus,

676 3744 764 3808 Et
792 3744 1089 3809 dextram
1118 3742 1381 3826 arripiet
1411 3743 1640 3806 dextra
1667 3741 1776 3806 vel
1803 3763 1938 3807 una
1969 3763 2194 3808 meam.

1119 4049 1632 4118 EXERCISE
1706 4049 1771 4116 C.
1825 4049 1930 4116 CI.

581 4239 615 4265 “
638 4231 921 4316 Tempus
947 4230 1134 4308 erat?
1167 4233 1469 4311 clamant,
1498 4239 1533 4268 “
1550 4239 1812 4318 tempus
1841 4231 2216 4311 discedere,”
2243 4240 2458 4300 neutae
2487 4257 2499 4301 ε

684 4352 717 4377 “
742 4345 880 4409 Nos
909 4344 1066 4408 hora
1094 4345 1368 4411 ulterius
1398 4367 1539 4412 sera
1565 4366 1822 4412 manere
1851 4346 2079 4411 vetat.”
