3181 4990
621 419 708 497 48
806 417 1029 482 KEY
1075 418 1193 483 TO
1237 416 1948 482 PROGRESSIVE
1993 418 2566 485 EXERCISES

709 611 814 674 En
842 611 1210 696 indignatos
1242 611 1659 675 adamantina
1686 611 1877 674 litora
1903 610 2178 674 fluctus:

825 723 1065 787 Audin'
1095 729 1172 786 ut
1203 730 1492 808 assurgat
1522 744 1753 808 spuma
1780 728 2079 806 retroque
2110 724 2341 788 cadat?

710 835 951 900 Audin’
980 842 1057 900 ut
1087 843 1270 900 antra
1297 841 1526 901 tonent
1557 835 1838 919 scopulis
1866 836 2311 920 frangentibus
2340 837 2563 913 undas,

828 948 972 1026 Qua
1003 969 1197 1032 rupes
1227 949 1463 1014 validis
1494 954 1625 1014 stat
1654 949 1940 1014 ferienda
1968 949 2173 1015 Notis.

1181 1280 1463 1343 EXER
1475 1279 1694 1346 CISE
1774 1281 1961 1345 VIII.
2012 1280 2141 1343 IX.

712 1447 874 1512 Cara
902 1447 1166 1531 quidem
1193 1447 1360 1510 mihi
1388 1467 1532 1511 cara
1562 1448 1805 1523 domus,
1842 1447 1955 1512 sed
1984 1467 2237 1512 cernere
2265 1446 2483 1511 tristes

824 1561 891 1624 N
893 1560 1142 1624 olebam
1171 1564 1470 1643 aspectus
1499 1580 1735 1643 oraque
1762 1579 1948 1624 versa
1974 1560 2215 1643 patris:

712 1674 863 1736 Non
891 1672 1084 1736 matri
1113 1672 1395 1736 conferre
1425 1672 1661 1749 oculosa
1694 1673 1914 1737 audire
1942 1673 2268 1756 loquentis

824 1785 1176 1849 Infit-actam
1204 1805 1428 1849 vocem
1456 1785 1731 1849 verbave
1760 1790 1993 1850 moesta
2021 1785 2161 1848 tuli.

713 1897 930 1962 Multa
962 1898 1128 1961 mihi
1156 1898 1441 1981 patrium
1464 1899 1603 1980 jam
1634 1918 1786 1962 cura
1814 1898 2087 1963 revisere
2116 1896 2358 1976 limen3

825 2011 952 2074 Cui
978 2010 1233 2075 fuerant
1262 2011 1439 2074 cordi
1467 2011 1698 2075 limina
1726 2011 1946 2076 nullus
1978 2017 2128 2076 erat.

707 2122 862 2187 Non
889 2144 1292 2207 quaecunque
1323 2122 1498 2187 domi
1527 2123 1853 2207 quondam
1876 2124 2191 2207 placuere,
2220 2121 2575 2206 placebant.

822 2236 1073 2319 Nempe
1100 2256 1318 2302 meum
1349 2236 1614 2301 fratrem
1641 2236 1849 2300 tristis
1879 2236 2157 2300 habebat
2186 2236 2437 2300 humus.

706 2487 995 2552 Ventum
1025 2493 1162 2553 erat
1191 2488 1275 2551 ad
1303 2493 1590 2573 portam:
1633 2509 1766 2552 non
1789 2489 1926 2571 jam
1953 2487 2136 2553 velut
2164 2492 2314 2552 ante
2346 2485 2648 2551 videntur

822 2600 1032 2664 Obvia
1059 2600 1418 2665 luminibus
1446 2601 1699 2665 lumina
1725 2601 1875 2664 laeta
1903 2601 2077 2665 meis.

704 2711 978 2789 Acced0,
1005 2711 1322 2795 videoque
1349 2713 1533 2796 gravi
1560 2713 1703 2777 loca
1730 2720 1915 2778 vasta
1944 2713 2158 2777 dolore
2189 2737 2203 2776 ε

819 2823 1117 2888 Materno
1145 2824 1395 2907 pallens
1429 2846 1664 2889 moeror
1690 2825 1762 2887 in
1791 2846 1898 2889 ore
1926 2826 2121 2889 sedet.

710 2936 947 3000 Oscula
975 2936 1128 3016 dat3
1171 2938 1450 3021 gemitus
1478 2937 2003 3015 intermiscentur
2032 2938 2273 3001 amari:

817 3048 950 3113 Vix
981 3049 1144 3115 bene
1172 3050 1575 3115 lacrimulam
1606 3050 1894 3115 continet
1920 3050 2061 3133 ipse
2089 3056 2285 3134 pater.

703 3163 1071 3227 Accurrunt
1098 3164 1286 3246 parvi
1314 3164 1558 3239 fratres,
1588 3164 1977 3247 fratremque
2008 3163 2291 3228 salutant
2319 3188 2331 3226 :

820 3275 1147 3339 Mirantur
1175 3276 1410 3353 luctus,
1438 3277 1589 3340 laeta
1619 3282 1893 3353 caterva,
1921 3296 2113 3341 meos.

705 3387 1014 3470 Tempora
1041 3387 1233 3472 longa
1261 3387 1425 3451 mihi
1444 3389 1582 3471 jam
1612 3389 1989 3471 praeteriere,
2019 3388 2132 3452 sed
2163 3388 2362 3453 eheu!

820 3500 1091 3576 Quando
1119 3506 1338 3565 mente
1368 3500 1556 3565 cadet
1584 3501 1874 3567 funebris
1908 3502 2025 3565 illa
2055 3502 2238 3567 dies?

1240 3844 1753 3910 EXERCISE
1813 3844 1903 3907 X.
1950 3844 2080 3907 XI.

703 4008 822 4072 Nil
851 4029 1096 4085 saxum,
1129 4009 1228 4072 nil
1260 4030 1387 4073 aera
1419 4010 1658 4088 valent,
1693 4010 1792 4074 nil
1819 4018 1989 4076 terra
2015 4031 2136 4076 nec
2169 4010 2400 4074 undae:

820 4120 1057 4184 Omnia
1086 4121 1208 4184 sub
1235 4122 1413 4185 tristi
1443 4121 1616 4187 calce
1645 4122 1835 4186 ruina
1862 4123 2111 4207 premit.

708 4233 837 4309 Qui
863 4232 1110 4297 rabiem
1134 4237 1387 4298 tantam
1418 4234 1606 4299 sistet
1634 4235 1919 4319 peritura
1947 4241 2274 4313 venustae,

821 4347 1031 4423 Quam
1062 4347 1236 4413 floris
1272 4348 1548 4413 similem
1581 4348 1835 4433 fertque
1864 4349 2162 4433 rapitque
2192 4348 2375 4414 dies?
