3181 4990
833 421 958 486 IN
993 421 1122 486 LA
1144 420 1323 484 TJN
1357 421 1808 489 ELEGIAC
1861 424 2201 488 VERSE.

595 614 714 677 Nil
742 614 1246 698 desperandum:
1289 618 1470 678 catus
1501 619 1601 679 est
1628 615 1930 698 vincique
1964 622 2231 694 recusat,

693 726 1074 810 Vinclaque,
1102 726 1175 789 ni
1205 747 1321 790 sua
1349 726 1497 802 sint,
1528 727 1743 792 omnia
1770 728 2011 813 frangit
2037 729 2255 795 Amor.

595 841 780 905 Caeca
807 844 1066 904 senecta
1093 839 1256 918 fuit3
1300 859 1433 903 non
1461 838 1622 902 dura
1648 845 1865 905 mente
1892 842 2181 908 sacerdos
2209 867 2223 907 :

691 953 760 1016 N
760 952 811 1015 il
839 957 1091 1037 poteras
1120 952 1193 1015 in
1219 972 1354 1028 nos,
1375 951 1667 1034 improba
1695 954 2040 1036 Pauper-ies
2068 982 2083 1021 :

592 1067 674 1131 In
701 1086 820 1129 nos
845 1065 944 1128 nil
968 1070 1241 1148 poterae,
1271 1085 1432 1148 quos
1460 1085 1683 1149 regum
1710 1072 1880 1130 sorte
1908 1068 2147 1150 potitos

695 1179 884 1243 Unus
911 1177 1124 1254 habet,
1153 1177 1390 1241 frustra
1416 1182 1484 1242 te
1511 1182 1836 1254 renuente,
1865 1183 2059 1244 torus.

2266 1283 2351 1366 (S.
2382 1285 2489 1370 A.)

807 1509 1323 1576 EXERCISE
1381 1509 1783 1577 XXXVII.
1832 1511 2269 1578 XXXVIII.

594 1678 746 1741 Huc
777 1699 907 1764 age,
939 1678 1280 1743 Graiorum
1311 1677 1687 1762 dignissime
1716 1679 1959 1756 ductor,
1990 1681 2206 1759 Ulixe,

689 1791 960 1874 Imperii
987 1810 1246 1855 consors
1273 1789 1464 1854 litora
1491 1795 1710 1854 nostra
1737 1795 1902 1856 tene.

587 1903 692 1968 En
719 1904 845 1968 tibi
873 1903 1224 1968 sollicitum
1251 1907 1466 1987 turget
1495 1922 1686 1980 mare,
1716 1904 1927 1967 saeviit
1953 1904 2203 1984 Eurus;

690 2016 822 2080 Hic
850 2017 947 2081 fas
976 2036 1231 2080 securos
1263 2020 1362 2080 est
1392 2015 1631 2098 agitare
1661 2014 1798 2080 dies
1826 2038 1843 2094 ;
2058 2093 2065 2101 .

593 2129 724 2193 Ηὶο
751 2130 907 2194 licet
935 2149 971 2194 e
1000 2127 1168 2193 terra
1195 2132 1539 2191 nautarum
1569 2147 1823 2192 cernere
1852 2128 2049 2194 nisus.

688 2242 886 2319 Queis
912 2241 1071 2305 ratis
1099 2241 1173 2310 in
1199 2239 1431 2304 mediis
1459 2239 1663 2303 fracta
1688 2240 1937 2305 laborat
1965 2243 2147 2325 aquis
2174 2269 2189 2308 ε

583 2355 843 2419 Interea
869 2353 1100 2418 fallent
1129 2352 1476 2434 spatiosam
1504 2351 1741 2435 gaudia
1769 2352 2000 2430 lucem,

679 2465 1001 2533 Mulcebit
1025 2464 1319 2549 placidus
1350 2484 1611 2549 corpora
1640 2469 1823 2530 nocte
1852 2485 2049 2551 sopor.

580 2680 909 2765 Nympha,
937 2678 1133 2743 decus
1162 2682 1472 2756 nostrum,
1501 2678 1679 2744 lento
1710 2680 1768 2744 si
1795 2681 1966 2745 fama
1991 2688 2258 2766 pateret,

681 2794 752 2857 Si
780 2794 946 2856 foret
973 2792 1206 2876 ignavo
1237 2792 1675 2875 corripiendus
1704 2793 1905 2859 honos
1929 2819 1946 2874 ;

579 2905 779 2969 Haud
808 2903 1108 2988 equidem
1135 2909 1353 2968 tecum
1380 2902 1632 2987 placide
1660 2906 2054 2988 requiescere
2083 2906 2323 2971 nollem

672 3017 893 3099 Atque
923 3036 1081 3100 opus
1110 3015 1324 3079 insani
1353 3014 1725 3079 destituisse
1753 3016 1964 3080 marie.

573 3130 670 3193 At
697 3129 862 3194 mihi
887 3150 1002 3214 per
1029 3128 1273 3192 medios
1305 3127 1647 3210 quaerenda
1676 3133 1775 3192 est
1802 3127 1974 3192 fama
2001 3128 2249 3193 labores
2272 3151 2289 3208 ;

673 3243 828 3306 Non
857 3242 985 3307 nisi
1012 3262 1128 3325 per
1154 3260 1340 3304 casus
1375 3238 1554 3303 ducit
1581 3238 1842 3304 honoris
1876 3241 2012 3305 iter.

561 3354 674 3419 Me
702 3354 942 3438 pudeat
969 3354 1174 3417 vitam
1202 3351 1386 3416 molli
1416 3352 1654 3416 fovisse
1667 3357 1964 3431 -veterno,
2444 3368 2450 3378 “’

564 3468 736 3544 Quid
763 3467 996 3530 luxum
1023 3469 1382 3530 memoras?
1425 3464 1584 3547 quid
1612 3466 1839 3530 inertis
1866 3472 2158 3550 tempora
2184 3467 2373 3530 vitae?
2399 3370 2444 3543 }

678 3578 952 3643 Desidia
979 3577 1264 3661 egregios
1293 3595 1425 3673 uon
1456 3574 1643 3639 decet
1670 3577 1797 3639 ista
1824 3578 2013 3641 viros.

1044 3829 1562 3895 EXERCISE
1622 3825 1985 3892 XXXIX.

564 3987 847 4052 Horrida
873 3986 1227 4071 pallentem
1257 3985 1643 4050 contristant
1670 3984 1905 4068 frigora
1931 3983 2162 4060 lucem,

665 4100 1027 4185 Flabraque
1057 4120 1207 4164 cum
1233 4098 1476 4183 pluviis
1505 4098 1855 4181 irrequieta
1884 4098 2034 4161 suis.

560 4212 738 4277 Vitis
769 4232 992 4276 amans
1020 4212 1220 4276 haeret
1247 4232 1450 4288 mur0‚
1479 4211 1595 4275 sed
1624 4210 1890 4276 cuilibet
1920 4231 2092 4275 aurae

662 4326 798 4389 Dat
832 4324 989 4389 folia
1016 4347 1031 4387 ε
1075 4329 1143 4389 et
1171 4329 1440 4388 moestus
1468 4324 1581 4387 flet
1608 4324 1748 4387 sine
1778 4321 1911 4387 sole
1939 4322 2095 4385 dies.

2498 440 2579 506 57
