3181 4990
800 388 924 452 IN
959 389 1086 452 LA
1107 388 1286 452 TIN
1320 388 1771 456 ELEGIAC
1827 389 2167 454 VERSE.

1150 661 1666 729 EXERCISE
1724 663 1844 730 LI.

555 828 733 892 Ante
763 829 981 894 oculos
1011 830 1238 908 oriens,
1269 831 1464 914 quam
1495 851 1665 916 saepe
1696 833 2031 897 cacumina
2057 832 2298 898 montis

653 941 928 1009 Lumine
958 944 1157 1028 regali
1186 945 1282 1009 sol
1309 965 1516 1009 novus
1545 945 1679 1009 alta
1706 946 1920 1012 fovet:

543 1053 800 1121 Aureus
830 1063 906 1120 ut
931 1059 1152 1142 jungit
1179 1058 1613 1122 viridantibus
1642 1055 1860 1122 oScula
1888 1059 2106 1142 pratis,

643 1170 1111 1253 Pallidulisque
1143 1173 1387 1248 aurum,
1417 1191 1536 1236 ceu
1562 1191 1805 1255 magus,
1835 1171 2015 1235 afflat
2042 1171 2244 1255 aquis.

643 1283 865 1368 thue
894 1303 1119 1368 magus
1147 1289 1377 1348 tenues
1406 1281 1551 1348 dius
1581 1284 1837 1348 inaurat
1867 1305 2081 1368 aquas.
2273 1178 2318 1351 }

543 1397 706 1462 Inde
737 1417 930 1481 super
957 1397 1178 1461 vultus
1208 1395 1563 1461 foedissima
1592 1396 1820 1461 nubila
1850 1404 2133 1476 currunt,

654 1510 1016 1594 Probraque
1047 1510 1144 1574 sol
1171 1510 1417 1594 patitur
1445 1530 1576 1573 non
1610 1509 1916 1594 patienda
1945 1509 2079 1575 (100.

541 1622 703 1686 Mox
733 1623 962 1687 adimit
989 1622 1237 1699 faciem,
1269 1622 1392 1706 (nil
1419 1642 1552 1687 non
1583 1621 1874 1706 deplorat
1901 1621 2319 1710 ademptam)

654 1736 742 1799 Et
767 1735 936 1819 petit
967 1734 1284 1798 Occiduas
1315 1734 1483 1797 clam
1515 1734 1655 1798 sine
1684 1733 1924 1798 honore
1954 1735 2191 1820 plagas.

543 1847 740 1911 Haud
770 1847 957 1910 aliter
984 1847 1172 1911 nobis
1202 1846 1528 1930 quondam
1559 1847 1656 1911 sol
1682 1865 1871 1911 mane
1901 1847 2164 1926 nitebat,

655 1960 744 2023 Et
772 1958 969 2024 rutilo
998 1959 1276 2022 frontem
1305 1958 1506 2022 tinxit
1535 1958 1775 2023 honore
1803 1979 2030 2024 meam.

541 2072 654 2137 Me
682 2072 1006 2148 miserum,
1035 2071 1252 2154 rapuit
1281 2069 1564 2154 spatium
1593 2071 1708 2133 vix
1739 2071 2015 2154 amplius
2041 2072 2248 2152 horae3

655 2185 851 2249 Nunc
881 2184 1165 2248 nitidum
1195 2184 1483 2248 condunt
1510 2182 1739 2248 nubila
1767 2183 1966 2248 densa
1993 2191 2201 2268 caput.

541 2297 636 2361 At
665 2317 998 2381 nunquam
1027 2296 1208 2361 volui
1236 2317 1454 2361 earum
1486 2301 1932 2361 contemnere:
1978 2297 2145 2361 soles

658 2408 1070 2494 Terrigenfim
1103 2410 1375 2494 nigrent‚
1403 2429 1552 2474 cum
1580 2409 1793 2493 nigrat
1821 2409 1961 2493 ipse
1990 2408 2164 2474 deus.

1125 2693 1642 2760 EXERCISE
1700 2692 1862 2758 LII.

542 2859 685 2923 Lux
713 2860 832 2924 ubi
857 2860 1215 2945 languescit
1244 2862 1369 2925 seri
1397 2864 1518 2926 sub
1546 2862 1831 2945 vesperis
1865 2861 2035 2938 hora,

655 2970 1016 3054 Vastosque
1046 2970 1331 3035 illustrat
1359 2993 1512 3035 mox
1539 2973 1853 3037 moritura
1879 2971 2059 3036 lacus
2088 2996 2101 3035 :

543 3083 872 3167 Nullaque
901 3104 1034 3148 non
1061 3088 1274 3168 gratos
1303 3084 1499 3168 pinus
1531 3084 1840 3148 diffundit
1870 3084 2109 3162 odores,

585 3252 588 3255 ,
656 3196 1015 3280 Flabraque
1043 3217 1159 3280 per
1186 3196 1436 3280 palmas
1465 3197 1760 3280 improba
1785 3197 1973 3261 triste
2001 3204 2307 3282 gemunt:

539 3308 762 3391 Atque
792 3310 908 3374 ubi
935 3309 1249 3395 lampyris
1277 3310 1552 3375 rutilans
1585 3310 1724 3375 sine
1754 3310 1894 3395 lege
1922 3318 2209 3395 vagatur,

654 3423 743 3487 Et
774 3444 889 3507 per
917 3443 1249 3507 cupressos
1278 3429 1448 3488 astra
1475 3423 1712 3489 micare
1747 3424 1957 3489 solent
1985 3449 1998 3489 ε

540 3535 720 3599 Τ11110
749 3536 1012 3600 cithares
1042 3537 1340 3613 subeunt,
1371 3536 1654 3601 subeunt
1684 3557 1802 3620 per
1830 3536 2078 3601 somnia
2106 3542 2374 3613 montes,

641 3648 906 3713 Pectore
935 3669 1055 3713 nec
1087 3648 1333 3725 caditis,
1364 3649 1664 3713 Gambria
1691 3654 1883 3726 tesca,
1912 3669 2071 3713 mec.
2100 3655 2145 3828 }

641 3762 888 3846 Aspera
914 3781 1034 3826 nec
1062 3762 1280 3826 nostra
1310 3761 1611 3827 Cambria
1637 3767 1854 3827 mente
1884 3763 2071 3828 cadis,

990 4029 1513 4096 EXERCISE
1573 4028 1775 4097 LIII.
1823 4030 2017 4095 LIV.

535 4198 668 4263 Ver
694 4201 870 4263 erat:
913 4197 986 4261 in
1014 4218 1245 4262 vernos
1269 4197 1582 4264 dederant
1612 4219 1681 4264 se
1711 4205 1946 4264 cuncta
1972 4200 2255 4283 lepores3

654 4311 1013 4395 Carpebam
1043 4330 1301 4375 somnos
1331 4312 1659 4377 exoriente
1688 4312 1793 4375 die
1819 4337 1833 4376 ε

2376 392 2539 471 ,63
