3181 4990
770 419 893 483 IN
927 411 1254 484 LA'TJN
1289 412 1740 487 ELEGIAC
1796 421 2139 489 VERSE.
2429 445 2498 490 Η

525 612 830 695 Dumque
859 613 1018 697 legit
1047 614 1234 678 flores
1262 613 1508 678 medias
1536 633 1699 699 vaga
1729 617 2019 700 nympha
2046 634 2161 701 per
2189 620 2419 696 undaS,

624 724 876 789 Proluit
903 731 980 789 ut
1008 726 1234 791 niveos
1264 726 1535 810 lympha
1562 733 1863 811 proterva
1892 730 2104 813 pedes.

521 837 777 902 Leniter
804 838 831 900 i
861 838 1068 903 dulcis
1097 831 1214 922 per
1243 859 1441 924 agro&
1471 840 1731 916 Aftona,
1762 841 2046 906 virentes
2071 867 2087 923 3

621 950 879 1015 Leniter
906 951 931 1014 i
966 957 1186 1016 nostra
1213 953 1552 1016 nobilitate
1574 953 1729 1037 lyra.

521 1062 761 1126 Nostra
788 1070 1194 1142 susurrantes
1227 1065 1466 1128 dormit
1494 1047 1693 1148 prope
1728 1067 2045 1149 Tyndaris
2076 1067 2299 1144 undaS,

625 1175 892 1240 Somnia
919 1181 995 1240 tu
1030 1177 1307 1241 dominae
1335 1198 1633 1260 rumpere
1662 1199 1851 1261 parce
1882 1199 2053 1244 meae.

795 1443 1311 1510 EXERCISE
1369 1445 1697 1509 XXXII.
1744 1446 2111 1512 XXXIII.

519 1585 694 1663 Quid
721 1586 961 1652 facient
988 1587 1174 1672 pueri
1198 1591 1222 1652 2
1265 1588 1411 1672 quis
1443 1589 1880 1653 consolabitur
1907 1590 2055 1654 illos

621 1698 904 1783 Linquet
933 1701 1049 1764 ubi
1076 1701 1318 1784 patrios
1349 1706 1570 1765 nostra
1598 1702 1871 1766 Melissa
1895 1703 2061 1768 lares
2084 1707 2108 1767 2
2140 1783 2145 1788 ι

519 1810 693 1888 Quot
721 1813 991 1877 colimus
1020 1813 1272 1889 vallem,
1309 1813 1436 1876 sibi
1465 1814 1612 1896 quis
1642 1834 1772 1877 non
1802 1815 1989 1880 corde
2022 1817 2269 1883 dolores

617 1924 942 1989 Venturos
972 1926 1223 2000 metuit,
1255 1945 1458 2007 quum
1489 1926 1668 2014 subit
1697 1927 1813 1989 illa
1844 1927 2025 1992 dies?

519 2035 696 2100 Hinc
723 2037 916 2120 petiit
947 2058 1137 2102 cursu
1166 2038 1406 2101 montis
1429 2038 1586 2122 juga
1618 2057 1871 2102 summa
1899 2039 2246 2119 MenalcaS,

617 2150 684 2213 N
685 2171 758 2214 ec
785 2151 971 2233 pueri
999 2151 1252 2215 tristem
1281 2170 1427 2234 spes
1462 2151 1635 2214 levat
1665 2151 1799 2215 ulla
1825 2152 2063 2237 fugam.

517 2261 693 2326 Hinc
721 2263 912 2346 petiit
940 2262 1200 2348 lectum,
1231 2268 1428 2346 caput
1455 2263 1833 2340 insanabile,
1860 2265 2179 2348 Daphnis,

616 2374 922 2458 Dumque
945 2377 1122 2460 jacet
1150 2376 1435 2460 queru10,
1467 2382 1498 2408 “
1523 2375 1755 2452 Mors?
1784 2378 1878 2441 ait
1912 2398 2035 2454 ore,
2068 2385 2101 2412 “
2120 2381 2285 2446 veni.
2293 2380 2322 2404 ’'

513 2487 580 2551 N
581 2509 654 2552 ec
682 2487 900 2553 minus
932 2488 1015 2553 ad
1043 2489 1274 2574 templi
1303 2489 1473 2574 fugit
1502 2490 1859 2573 penetralia
1888 2491 2165 2570 Damon,

613 2600 830 2685 Coepit
859 2607 924 2665 et
951 2602 1246 2667 insolitas
1275 2602 1613 2697 edidicisse
1640 2624 1874 2687 preces,

515 2801 638 2865 Per
664 2802 940 2885 patriam
968 2801 1206 2867 vallem
1234 2803 1515 2887 gemitus
1543 2804 1663 2867 lux
1692 2804 1809 2868 illa
1838 2806 2050 2883 ciebit,

615 2914 812 2990 Queis
842 2915 1029 2979 feriet
1058 2936 1385 2996 summum
1413 2937 1544 2979 vox
1571 2918 1997 2981 tremebunda
2024 2920 2263 3002 polum.

511 3026 761 3090 Audiet
789 3048 824 3090 e
853 3028 1086 3091 mediis
1117 3028 1331 3091 excita
1357 3028 1665 3091 rubecula
1692 3029 1896 3105 silviS,

611 3137 1064 3221 AEtheriasque
1094 3138 1289 3201 simul
1318 3139 1572 3221 linquet
1602 3140 1833 3203 alauda
1862 3141 2097 3225 plagas,

512 3251 912 3335 Consurgent
943 3251 1254 3334 Dryades,
1287 3251 1633 3335 stratisque
1664 3257 1729 3315 et
1758 3273 1897 3317 rore
1926 3252 2149 3337 relicto

605 3363 956 3448 Augebunt
984 3357 1263 3439 moestos,
1293 3369 1524 3428 moesta
1553 3369 1821 3442 caterva,
1853 3365 2093 3433 modos.

511 3475 643 3539 Hei
670 3475 836 3539 mihi
865 3480 878 3539 l
923 3498 1069 3561 quae
1096 3475 1324 3541 fallent
1353 3476 1535 3541 illam
1566 3478 1793 3542 solatia
1820 3478 2051 3557 lucem,

609 3586 890 3673 Linquet
920 3590 1035 3653 ubi
1063 3589 1305 3672 patrios
1337 3596 1556 3654 nostra
1585 3589 1856 3656 Melissa
1883 3591 2093 3657 lares?

927 3807 933 3813 ’
986 3845 1269 3909 EXER
1280 3845 1501 3913 CJSE
1529 3858 1542 3915 5
1556 3847 1833 3910 XXXI
1846 3848 1917 3913 V.

508 4000 770 4065 Postera
796 4002 914 4066 lux
943 4003 1186 4068 oritur:
1239 3985 1455 4067 viduae
1483 4024 1856 4068 concurrere
1885 4006 2108 4069 multae
2133 4030 2149 4085 3

609 4114 848 4178 Moesta
876 4116 1115 4193 cohors,
1147 4136 1343 4181 caesos
1373 4116 1765 4200 ingemitura
1797 4117 1988 4183 viros.

507 4224 619 4287 Ah
649 4226 899 4308 quoties
929 4227 1212 4292 lacrimis
1238 4228 1541 4293 laverunt
1573 4212 1844 4294 vulnera
1873 4230 2059 4295 salsis
2088 4254 2102 4293 :

612 4337 729 4400 Nil
756 4343 979 4403 tamen
1005 4338 1136 4404 heu
1163 4341 1459 4418 lacrimae,
1483 4324 1588 4405 ‘nil
1616 4342 1728 4425 pia
1754 4325 1926 4407 facta
1953 4326 2189 4407 valent.
