3181 4990
591 411 679 477 60
765 410 998 475 KEY
1044 410 1164 475 TO
1207 409 1923 510 PROGRESSJVE
1965 408 2546 475 EXERCISES

698 605 951 687 Cuique
982 604 1086 668 die
1114 604 1298 668 labor
1326 608 1425 668 est
1449 627 1466 683 ;
1511 604 1636 667 sub
1667 607 1851 667 nocte
1886 602 2276 685 quiescimus
2306 602 2519 681 idem3

797 717 885 781 Te
917 716 1127 780 solum
1157 722 1484 781 auctorem
1509 735 1769 798 noxque
1800 715 2067 798 diesque
2097 721 2346 781 vocant.

701 827 1081 894 Coelicolum
1109 834 1359 892 nostros
1389 827 1741 892 defendant
1770 828 2026 911 agmina
2054 847 2326 904 somnos,

796 941 1082 1025 Auspice
1110 942 1198 1006 Te
1229 941 1414 1006 nobis
1445 942 1534 1006 sit
1562 961 1775 1005 comes
1806 940 1977 1004 alma
2004 941 2205 1024 quies,

701 1056 859 1139 Spes
894 1054 1034 1118 sine
1062 1054 1286 1119 fraude
1315 1053 1549 1130 adsint,
1581 1053 1798 1117 adsint
1827 1052 1940 1136 pia
1968 1053 2217 1117 somnia
2248 1053 2451 1129 nobis,

798 1168 976 1231 Dum
1009 1168 1289 1252 spatiosa
1317 1167 1512 1250 hujus
1541 1171 1831 1250 tempora
1858 1165 2069 1230 noctis
2098 1170 2271 1230 eunt.

704 1393 832 1457 Seu
861 1411 1159 1456 somnum
1190 1392 1571 1467 excutimus,
1604 1391 1742 1456 sive
1770 1391 2038 1456 incubat
2066 1391 2224 1455 hora
2256 1390 2510 1474 quietis,

803 1504 902 1566 Tu
934 1504 1175 1586 pariter
1202 1503 1354 1567 cura
1381 1502 1813 1586 praesidioque
1841 1504 1987 1568 fove
2016 1528 2030 1567 :

702 1617 791 1680 Et
819 1616 956 1679 Tua
988 1615 1292 1699 (namque
1319 1615 1550 1698 potes),
1579 1635 1698 1678 nos
1728 1615 1990 1680 tandem
2020 1620 2228 1681 morte
2255 1621 2622 1700 peremptos

803 1727 1034 1792 Tutela
1061 1727 1416 1792 incolumes
1445 1748 1578 1791 non
1605 1726 1908 1792 violanda
1935 1732 2153 1811 tegat:

715 1841 1060 1922 Quumque
1087 1839 1209 1903 erit
1238 1844 1315 1902 ut
1343 1839 1484 1903 Tua
1511 1860 1642 1903 vox
1672 1837 1925 1904 summa
1952 1860 2070 1903 nos
2102 1839 2343 1904 excitet
2370 1837 2545 1914 hora,

805 1952 1050 2017 Tollere
1078 1973 1266 2036 parce
1295 1973 1572 2036 operam,
1603 1973 1811 2036 parce,
1844 1951 2137 2029 verende,
2167 1952 2410 2016 Tuam:

706 2065 889 2130 Inter
917 2069 984 2129 at
1012 2065 1319 2130 aethereas
1349 2065 1586 2130 Tecum
1618 2086 1735 2130 nos
1766 2065 1987 2128 adsere
2016 2065 2216 2141 sedes,

809 2178 1077 2262 hperii
1102 2177 1307 2243 socios
1335 2178 1812 2261 participesque
1840 2176 1978 2242 Tui.

1239 2460 1751 2527 EXERCISE
1795 2461 1930 2524 XL
1956 2461 2067 2527 VJ.

696 2624 787 2690 Te
817 2632 1116 2710 spargent
1141 2626 1481 2710 mistaeque
1509 2648 1670 2692 rosae
1699 2628 2059 2710 calthaeque
2086 2635 2446 2713 vagantem,

699 2736 841 2815 Qua
870 2743 945 2800 tu
977 2738 1192 2802 tendis
1220 2739 1348 2803 iter
1375 2739 1733 2823 calthaeque
1762 2760 2050 2823 rosaeque
2072 2741 2402 2824 jacebunt,

813 2850 1102 2915 Obtentu
1131 2851 1344 2916 salicis
1371 2858 1589 2917 nostra
1618 2853 1891 2937 tegenda
1908 2853 2027 2917 'via
2056 2857 2170 2918 est.

714 2962 1084 3047 Exsequere
1113 2964 1235 3029 hoc
1263 2985 1488 3044 unum,
1518 2966 1638 3049 qui
1669 2966 1896 3030 mortis
1927 2986 2120 3031 causa
2149 2967 2352 3044 fuisti,

814 3075 1112 3141 Membra
1139 3077 1305 3141 mihi
1325 3079 1510 3162 jusso
1539 3084 1796 3143 mortua
1825 3099 1993 3163 pone
2022 3079 2201 3158 loco;

717 3188 893 3253 Pone
922 3189 1104 3267 mihi,
1135 3210 1313 3254 sacro
1343 3190 1473 3273 qua
1500 3191 1837 3274 lampades
1864 3192 2013 3276 igne
2042 3192 2383 3276 refulgent,

811 3300 898 3363 Et
926 3301 1206 3384 gemitus
1237 3300 1453 3376 edunt,
1485 3307 1702 3385 spreta
1730 3306 2003 3379 caterva,
2033 3304 2249 3385 proci:

719 3410 960 3475 Moesta
989 3411 1392 3475 sacerdotum
1421 3411 1549 3494 qua
1576 3412 1791 3475 naenia
1819 3418 2119 3495 personat
2148 3412 2370 3489 aedem,

818 3521 1288 3607 Campanaeque
1319 3529 1582 3607 crepant
1614 3522 1979 3607 exsequiale
2008 3523 2224 3589 melos.

718 3635 894 3699 Nam
921 3636 1088 3700 mihi
1114 3637 1234 3701 flos
1261 3635 1473 3720 periit,
1502 3636 1697 3719 periit
1724 3656 1868 3701 rosa
1894 3637 2105 3721 prima
2124 3637 2458 3721 juventae:

804 3748 1030 3812 Natali
1057 3749 1252 3832 periit
1280 3748 1562 3813 marcida
1592 3749 1762 3813 facta
1790 3770 1922 3815 suo.

733 3755 776 3927 {
803 3863 958 3926 Heu
987 3862 1194 3926 sensit
1223 3882 1544 3926 summam
1573 3862 1690 3926 vix
1717 3863 1882 3926 bene
1915 3867 2070 3925 nata
2101 3862 2289 3927 diem.

724 3973 1032 4057 Quisquis
1062 3994 1255 4049 amaa
1284 3978 1578 4038 nostrum
1607 3974 1803 4037 funus
1835 3973 2149 4038 celebrate
2178 3999 2191 4039 ε
2236 3976 2449 4042 valeto

821 4084 1154 4167 Quidquid
1184 4090 1320 4149 erat
1347 4085 1576 4169 pulcri,
1610 4084 1929 4169 quidquid
1958 4087 2191 4152 amoris
2221 4094 2373 4153 erat.

726 4201 822 4263 At
851 4218 934 4263 ne
964 4203 1323 4280 quaerentes
1351 4196 1594 4261 tumuli
1620 4197 1899 4283 vestigia
1926 4200 2129 4264 nostri

818 4310 1158 4375 Fallantur
1184 4311 1506 4395 nymphae,
1537 4312 1593 4375 si
1625 4333 1755 4398 qua
1782 4311 2009 4377 relicta
2041 4313 2231 4391 dolet,
