<?xml version="1.0" encoding="UTF-8"?>
<!DOCTYPE html PUBLIC "-//W3C//DTD XHTML 1.0 Transitional//EN"
    "http://www.w3.org/TR/xhtml1/DTD/xhtml1-transitional.dtd">
<html xmlns="http://www.w3.org/1999/xhtml" xml:lang="en" lang="en">
 <head>
  <title>
</title>
<meta http-equiv="Content-Type" content="text/html;charset=utf-8" />
  <meta name='ocr-system' content='tesseract 3.04.00' />
  <meta name='ocr-capabilities' content='ocr_page ocr_carea ocr_par ocr_line ocrx_word'/>
</head>
<body>
  <div class='ocr_page' id='page_1' title='image "./keytoprogressiv00geppgoog_0055.png"; bbox 0 0 3181 4990; ppageno 0'>
   <div class='ocr_carea' id='block_1_1' title="bbox 784 401 2145 468">
    <p class='ocr_par' dir='ltr' id='par_1_1' title="bbox 784 401 2145 468">
     <span class='ocr_line' id='line_1_1' title="bbox 784 401 2145 468; baseline 0.003 -4"><span class='ocrx_word' id='word_1_1' title='bbox 784 403 908 464; x_wconf 95' lang='lat' dir='ltr'>IN</span> <span class='ocrx_word' id='word_1_2' title='bbox 943 402 1068 464; x_wconf 82' lang='lat' dir='ltr'>LA</span> <span class='ocrx_word' id='word_1_3' title='bbox 1090 401 1268 464; x_wconf 89' lang='lat' dir='ltr'>TIN</span> <span class='ocrx_word' id='word_1_4' title='bbox 1301 401 1752 468; x_wconf 84' lang='lat' dir='ltr'><em>ELEGIAC</em></span> <span class='ocrx_word' id='word_1_5' title='bbox 1804 402 2145 468; x_wconf 83' lang='lat' dir='ltr'><em>VERSE.</em></span> 
     </span>
    </p>
   </div>
   <div class='ocr_carea' id='block_1_2' title="bbox 518 593 2399 1016">
    <p class='ocr_par' dir='ltr' id='par_1_2' title="bbox 524 593 2065 790">
     <span class='ocr_line' id='line_1_2' title="bbox 524 593 2065 679; baseline 0.001 -21"><span class='ocrx_word' id='word_1_6' title='bbox 524 594 652 671; x_wconf 68' lang='lat' dir='ltr'>Qut</span> <span class='ocrx_word' id='word_1_7' title='bbox 679 594 918 679; x_wconf 86' lang='lat' dir='ltr'>poterit</span> <span class='ocrx_word' id='word_1_8' title='bbox 947 593 1153 658; x_wconf 86' lang='lat' dir='ltr'>saeclis</span> <span class='ocrx_word' id='word_1_9' title='bbox 1182 614 1467 678; x_wconf 86' lang='lat' dir='ltr'>pugnare</span> <span class='ocrx_word' id='word_1_10' title='bbox 1496 594 1814 658; x_wconf 88' lang='lat' dir='ltr'>ferocibus</span> <span class='ocrx_word' id='word_1_11' title='bbox 1844 595 2065 660; x_wconf 90' lang='lat' dir='ltr'>AEstas</span> 
     </span>
     <span class='ocr_line' id='line_1_3' title="bbox 633 707 1975 790; baseline 0.002 -20"><span class='ocrx_word' id='word_1_12' title='bbox 633 707 972 783; x_wconf 85' lang='lat' dir='ltr'>Mellifera‚</span> <span class='ocrx_word' id='word_1_13' title='bbox 1004 711 1117 770; x_wconf 90' lang='lat' dir='ltr'>aut</span> <span class='ocrx_word' id='word_1_14' title='bbox 1145 707 1394 790; x_wconf 90' lang='lat' dir='ltr'>patiens</span> <span class='ocrx_word' id='word_1_15' title='bbox 1425 707 1779 772; x_wconf 72' lang='lat' dir='ltr'>obsidionis</span> <span class='ocrx_word' id='word_1_16' title='bbox 1809 708 1975 773; x_wconf 70' lang='lat' dir='ltr'>erit?</span> 
     </span>
    </p>

    <p class='ocr_par' dir='ltr' id='par_1_3' title="bbox 520 819 2399 904">
     <span class='ocr_line' id='line_1_4' title="bbox 520 819 2399 904; baseline 0.002 -21"><span class='ocrx_word' id='word_1_17' title='bbox 520 819 828 904; x_wconf 84' lang='lat' dir='ltr'>Tempore</span> <span class='ocrx_word' id='word_1_18' title='bbox 858 819 1034 884; x_wconf 85' lang='lat' dir='ltr'>enim</span> <span class='ocrx_word' id='word_1_19' title='bbox 1063 819 1490 895; x_wconf 87' lang='lat' dir='ltr'>teritur‚—sit</span> <span class='ocrx_word' id='word_1_20' title='bbox 1516 820 2121 904; x_wconf 85' lang='lat' dir='ltr'>inexpugnabile,—</span> <span class='ocrx_word' id='word_1_21' title='bbox 2129 841 2399 886; x_wconf 81' lang='lat' dir='ltr'>saxum:</span> 
     </span>
    </p>

    <p class='ocr_par' dir='ltr' id='par_1_4' title="bbox 518 931 1942 1016">
     <span class='ocr_line' id='line_1_5' title="bbox 518 931 1942 1016; baseline 0 -20"><span class='ocrx_word' id='word_1_22' title='bbox 518 1001 524 1006; x_wconf 63' lang='grc'><strong>,</strong></span> <span class='ocrx_word' id='word_1_23' title='bbox 631 932 955 1016; x_wconf 84' lang='lat' dir='ltr'><strong>Tempore,</strong></span> <span class='ocrx_word' id='word_1_24' title='bbox 987 931 1075 995; x_wconf 92' lang='lat' dir='ltr'>sit</span> <span class='ocrx_word' id='word_1_25' title='bbox 1104 931 1268 996; x_wconf 86' lang='lat' dir='ltr'>ferro</span> <span class='ocrx_word' id='word_1_26' title='bbox 1290 932 1495 1014; x_wconf 89' lang='lat' dir='ltr'>janua</span> <span class='ocrx_word' id='word_1_27' title='bbox 1524 932 1759 1008; x_wconf 90' lang='lat' dir='ltr'>clausa,</span> <span class='ocrx_word' id='word_1_28' title='bbox 1792 933 1942 996; x_wconf 84' lang='lat' dir='ltr'>ruit.</span> 
     </span>
    </p>
   </div>
   <div class='ocr_carea' id='block_1_3' title="bbox 512 1153 2415 1803">
    <p class='ocr_par' dir='ltr' id='par_1_5' title="bbox 516 1153 2415 1353">
     <span class='ocr_line' id='line_1_6' title="bbox 516 1153 2113 1240; baseline 0.003 -23"><span class='ocrx_word' id='word_1_29' title='bbox 516 1153 626 1218; x_wconf 87' lang='lat' dir='ltr'>Ah</span> <span class='ocrx_word' id='word_1_30' title='bbox 654 1154 917 1219; x_wconf 77' lang='lat' dir='ltr'>latebrae</span> <span class='ocrx_word' id='word_1_31' title='bbox 946 1155 1170 1238; x_wconf 83' lang='lat' dir='ltr'>quales</span> <span class='ocrx_word' id='word_1_32' title='bbox 1199 1159 1501 1238; x_wconf 87' lang='lat' dir='ltr'>poterunt</span> <span class='ocrx_word' id='word_1_33' title='bbox 1530 1154 1787 1220; x_wconf 91' lang='lat' dir='ltr'>eludere</span> <span class='ocrx_word' id='word_1_34' title='bbox 1815 1156 2113 1240; x_wconf 89' lang='lat' dir='ltr'>Tempus,</span> 
     </span>
     <span class='ocr_line' id='line_1_7' title="bbox 629 1267 2415 1353; baseline 0.002 -23"><span class='ocrx_word' id='word_1_35' title='bbox 629 1267 804 1344; x_wconf 80' lang='lat' dir='ltr'>Quin</span> <span class='ocrx_word' id='word_1_36' title='bbox 833 1288 949 1331; x_wconf 86' lang='lat' dir='ltr'>sua</span> <span class='ocrx_word' id='word_1_37' title='bbox 983 1267 1156 1350; x_wconf 86' lang='lat' dir='ltr'>quod</span> <span class='ocrx_word' id='word_1_38' title='bbox 1185 1267 1515 1351; x_wconf 90' lang='lat' dir='ltr'>proprium</span> <span class='ocrx_word' id='word_1_39' title='bbox 1545 1274 1645 1331; x_wconf 91' lang='lat' dir='ltr'>est</span> <span class='ocrx_word' id='word_1_40' title='bbox 1673 1273 1970 1353; x_wconf 87' lang='lat' dir='ltr'>contegat</span> <span class='ocrx_word' id='word_1_41' title='bbox 2004 1290 2148 1333; x_wconf 82' lang='lat' dir='ltr'>area</span> <span class='ocrx_word' id='word_1_42' title='bbox 2176 1269 2415 1333; x_wconf 71' lang='lat' dir='ltr'>decus?</span> 
     </span>
    </p>

    <p class='ocr_par' dir='ltr' id='par_1_6' title="bbox 514 1379 2167 1578">
     <span class='ocr_line' id='line_1_8' title="bbox 514 1379 2167 1464; baseline 0.001 -20"><span class='ocrx_word' id='word_1_43' title='bbox 514 1380 675 1458; x_wconf 82' lang='lat' dir='ltr'>Quis</span> <span class='ocrx_word' id='word_1_44' title='bbox 704 1381 939 1464; x_wconf 89' lang='lat' dir='ltr'>poterit</span> <span class='ocrx_word' id='word_1_45' title='bbox 969 1380 1238 1445; x_wconf 89' lang='lat' dir='ltr'>celerem</span> <span class='ocrx_word' id='word_1_46' title='bbox 1268 1379 1494 1444; x_wconf 68' lang='lat' dir='ltr'>dextra</span> <span class='ocrx_word' id='word_1_47' title='bbox 1521 1381 1797 1446; x_wconf 85' lang='lat' dir='ltr'>retinere</span> <span class='ocrx_word' id='word_1_48' title='bbox 1827 1382 2116 1449; x_wconf 86' lang='lat' dir='ltr'>volatum</span> <span class='ocrx_word' id='word_1_49' title='bbox 2143 1385 2167 1445; x_wconf 71' lang='lat'><em>2</em></span> 
     </span>
     <span class='ocr_line' id='line_1_9' title="bbox 629 1492 2065 1578; baseline 0.002 -22"><span class='ocrx_word' id='word_1_50' title='bbox 629 1493 870 1569; x_wconf 84' lang='lat' dir='ltr'>Quisve</span> <span class='ocrx_word' id='word_1_51' title='bbox 898 1492 1066 1558; x_wconf 74' lang='lat' dir='ltr'>male</span> <span class='ocrx_word' id='word_1_52' title='bbox 1097 1498 1348 1576; x_wconf 90' lang='lat' dir='ltr'>ereptas</span> <span class='ocrx_word' id='word_1_53' title='bbox 1376 1513 1615 1576; x_wconf 90' lang='lat' dir='ltr'>ponere</span> <span class='ocrx_word' id='word_1_54' title='bbox 1650 1499 1833 1578; x_wconf 87' lang='lat' dir='ltr'>coget</span> <span class='ocrx_word' id='word_1_55' title='bbox 1862 1515 2015 1577; x_wconf 92' lang='lat' dir='ltr'>opes</span> <span class='ocrx_word' id='word_1_56' title='bbox 2039 1497 2065 1559; x_wconf 75' lang='lat'><em>2</em></span> 
     </span>
    </p>

    <p class='ocr_par' dir='ltr' id='par_1_7' title="bbox 512 1603 2285 1803">
     <span class='ocr_line' id='line_1_10' title="bbox 512 1603 2285 1691; baseline 0.001 -23"><span class='ocrx_word' id='word_1_57' title='bbox 512 1605 753 1669; x_wconf 84' lang='lat' dir='ltr'>Nullus</span> <span class='ocrx_word' id='word_1_58' title='bbox 783 1605 977 1670; x_wconf 88' lang='lat' dir='ltr'>adest.</span> <span class='ocrx_word' id='word_1_59' title='bbox 1071 1605 1216 1669; x_wconf 92' lang='lat' dir='ltr'>Hoc</span> <span class='ocrx_word' id='word_1_60' title='bbox 1250 1603 1412 1670; x_wconf 70' lang='lat' dir='ltr'>forte</span> <span class='ocrx_word' id='word_1_61' title='bbox 1439 1606 1614 1670; x_wconf 89' lang='lat' dir='ltr'>valet</span> <span class='ocrx_word' id='word_1_62' title='bbox 1648 1603 1820 1690; x_wconf 76' lang='lat' dir='ltr'>quod</span> <span class='ocrx_word' id='word_1_63' title='bbox 1849 1606 2022 1671; x_wconf 87' lang='lat' dir='ltr'>fama</span> <span class='ocrx_word' id='word_1_64' title='bbox 2050 1606 2285 1691; x_wconf 84' lang='lat' dir='ltr'>puellae</span> 
     </span>
     <span class='ocr_line' id='line_1_11' title="bbox 628 1717 1930 1803; baseline 0.002 -22"><span class='ocrx_word' id='word_1_65' title='bbox 628 1717 910 1803; x_wconf 86' lang='lat' dir='ltr'>Insignis</span> <span class='ocrx_word' id='word_1_66' title='bbox 940 1723 1173 1782; x_wconf 86' lang='lat' dir='ltr'>nostrae</span> <span class='ocrx_word' id='word_1_67' title='bbox 1203 1718 1481 1782; x_wconf 84' lang='lat' dir='ltr'>carmine</span> <span class='ocrx_word' id='word_1_68' title='bbox 1511 1739 1764 1803; x_wconf 84' lang='lat' dir='ltr'>semper</span> <span class='ocrx_word' id='word_1_69' title='bbox 1793 1719 1930 1784; x_wconf 86' lang='lat' dir='ltr'>erit.</span> 
     </span>
    </p>
   </div>
   <div class='ocr_carea' id='block_1_4' title="bbox 1068 1962 1809 2029">
    <p class='ocr_par' dir='ltr' id='par_1_8' title="bbox 1068 1962 1809 2029">
     <span class='ocr_line' id='line_1_12' title="bbox 1068 1962 1809 2029; baseline 0.001 -4"><span class='ocrx_word' id='word_1_70' title='bbox 1068 1962 1580 2029; x_wconf 80' lang='lat' dir='ltr'><em>EXERCISE</em></span> <span class='ocrx_word' id='word_1_71' title='bbox 1640 1964 1809 2026; x_wconf 91' lang='lat' dir='ltr'><em>XII.</em></span> 
     </span>
    </p>
   </div>
   <div class='ocr_carea' id='block_1_5' title="bbox 498 2116 2406 3662">
    <p class='ocr_par' dir='ltr' id='par_1_9' title="bbox 509 2116 2105 2313">
     <span class='ocr_line' id='line_1_13' title="bbox 509 2116 2105 2199; baseline 0.001 -19"><span class='ocrx_word' id='word_1_72' title='bbox 509 2116 837 2199; x_wconf 87' lang='lat' dir='ltr'>Temporis</span> <span class='ocrx_word' id='word_1_73' title='bbox 867 2121 942 2180; x_wconf 91' lang='lat' dir='ltr'>ut</span> <span class='ocrx_word' id='word_1_74' title='bbox 977 2116 1203 2181; x_wconf 71' lang='lat' dir='ltr'>dextra</span> <span class='ocrx_word' id='word_1_75' title='bbox 1229 2118 1369 2181; x_wconf 87' lang='lat' dir='ltr'>vidi</span> <span class='ocrx_word' id='word_1_76' title='bbox 1396 2118 1794 2182; x_wconf 89' lang='lat' dir='ltr'>monimenta</span> <span class='ocrx_word' id='word_1_77' title='bbox 1820 2118 2105 2181; x_wconf 87' lang='lat' dir='ltr'>virorum</span> 
     </span>
     <span class='ocr_line' id='line_1_14' title="bbox 619 2228 1843 2313; baseline 0.002 -22"><span class='ocrx_word' id='word_1_78' title='bbox 619 2228 872 2306; x_wconf 78' lang='lat' dir='ltr'>Diruta,</span> <span class='ocrx_word' id='word_1_79' title='bbox 901 2228 1018 2312; x_wconf 92' lang='lat' dir='ltr'>qui</span> <span class='ocrx_word' id='word_1_80' title='bbox 1043 2229 1234 2313; x_wconf 87' lang='lat' dir='ltr'>longo</span> <span class='ocrx_word' id='word_1_81' title='bbox 1257 2229 1395 2312; x_wconf 86' lang='lat' dir='ltr'>jam</span> <span class='ocrx_word' id='word_1_82' title='bbox 1422 2229 1669 2313; x_wconf 89' lang='lat' dir='ltr'>periere</span> <span class='ocrx_word' id='word_1_83' title='bbox 1700 2230 1843 2294; x_wconf 84' lang='lat' dir='ltr'>die:</span> 
     </span>
    </p>

    <p class='ocr_par' dir='ltr' id='par_1_10' title="bbox 522 2339 2199 2538">
     <span class='ocr_line' id='line_1_15' title="bbox 522 2339 2199 2425; baseline 0 -21"><span class='ocrx_word' id='word_1_84' title='bbox 522 2339 738 2418; x_wconf 80' lang='lat' dir='ltr'>Quum</span> <span class='ocrx_word' id='word_1_85' title='bbox 766 2340 946 2424; x_wconf 90' lang='lat' dir='ltr'>prius</span> <span class='ocrx_word' id='word_1_86' title='bbox 976 2341 1245 2405; x_wconf 87' lang='lat' dir='ltr'>excelsae</span> <span class='ocrx_word' id='word_1_87' title='bbox 1275 2346 1651 2407; x_wconf 88' lang='lat' dir='ltr'>sternuntur</span> <span class='ocrx_word' id='word_1_88' title='bbox 1681 2341 1948 2425; x_wconf 86' lang='lat' dir='ltr'>pulvere</span> <span class='ocrx_word' id='word_1_89' title='bbox 1974 2345 2199 2415; x_wconf 85' lang='lat' dir='ltr'>turres,</span> 
     </span>
     <span class='ocr_line' id='line_1_16' title="bbox 616 2453 1911 2538; baseline 0.002 -21"><span class='ocrx_word' id='word_1_90' title='bbox 616 2453 898 2538; x_wconf 87' lang='lat' dir='ltr'>AEraque</span> <span class='ocrx_word' id='word_1_91' title='bbox 932 2453 1189 2518; x_wconf 79' lang='lat' dir='ltr'>mortali</span> <span class='ocrx_word' id='word_1_92' title='bbox 1212 2454 1389 2519; x_wconf 88' lang='lat' dir='ltr'>victa</span> <span class='ocrx_word' id='word_1_93' title='bbox 1416 2454 1627 2519; x_wconf 87' lang='lat' dir='ltr'>furore</span> <span class='ocrx_word' id='word_1_94' title='bbox 1650 2455 1869 2538; x_wconf 87' lang='lat' dir='ltr'>jacent</span> <span class='ocrx_word' id='word_1_95' title='bbox 1896 2477 1911 2520; x_wconf 91' lang='lat'><strong>:</strong></span> 
     </span>
    </p>

    <p class='ocr_par' dir='ltr' id='par_1_11' title="bbox 507 2566 2152 2764">
     <span class='ocr_line' id='line_1_17' title="bbox 507 2566 2152 2651; baseline 0.001 -22"><span class='ocrx_word' id='word_1_96' title='bbox 507 2566 720 2631; x_wconf 91' lang='lat' dir='ltr'>Litore</span> <span class='ocrx_word' id='word_1_97' title='bbox 749 2587 952 2650; x_wconf 90' lang='lat' dir='ltr'>quum</span> <span class='ocrx_word' id='word_1_98' title='bbox 979 2567 1154 2631; x_wconf 83' lang='lat' dir='ltr'>victo</span> <span class='ocrx_word' id='word_1_99' title='bbox 1187 2566 1318 2631; x_wconf 76' lang='lat' dir='ltr'>late</span> <span class='ocrx_word' id='word_1_100' title='bbox 1346 2568 1540 2632; x_wconf 87' lang='lat' dir='ltr'>maris</span> <span class='ocrx_word' id='word_1_101' title='bbox 1570 2567 1748 2631; x_wconf 88' lang='lat' dir='ltr'>unda</span> <span class='ocrx_word' id='word_1_102' title='bbox 1774 2566 2152 2651; x_wconf 73' lang='lat' dir='ltr'>triumphat,</span> 
     </span>
     <span class='ocr_line' id='line_1_18' title="bbox 617 2678 2055 2764; baseline -0.001 -21"><span class='ocrx_word' id='word_1_103' title='bbox 617 2678 838 2763; x_wconf 88' lang='lat' dir='ltr'>Atque</span> <span class='ocrx_word' id='word_1_104' title='bbox 869 2678 1059 2743; x_wconf 86' lang='lat' dir='ltr'>avido</span> <span class='ocrx_word' id='word_1_105' title='bbox 1090 2699 1280 2742; x_wconf 91' lang='lat' dir='ltr'>cursu</span> <span class='ocrx_word' id='word_1_106' title='bbox 1308 2697 1425 2762; x_wconf 92' lang='lat' dir='ltr'>per</span> <span class='ocrx_word' id='word_1_107' title='bbox 1451 2700 1623 2744; x_wconf 86' lang='lat' dir='ltr'>nova</span> <span class='ocrx_word' id='word_1_108' title='bbox 1654 2700 1851 2764; x_wconf 87' lang='lat' dir='ltr'>regna</span> <span class='ocrx_word' id='word_1_109' title='bbox 1884 2679 2055 2743; x_wconf 86' lang='lat' dir='ltr'>ruit:</span> 
     </span>
    </p>

    <p class='ocr_par' dir='ltr' id='par_1_12' title="bbox 505 2790 2124 2987">
     <span class='ocr_line' id='line_1_19' title="bbox 505 2790 2124 2875; baseline 0 -21"><span class='ocrx_word' id='word_1_110' title='bbox 505 2790 691 2855; x_wconf 91' lang='lat' dir='ltr'>Litus</span> <span class='ocrx_word' id='word_1_111' title='bbox 717 2791 835 2854; x_wconf 91' lang='lat' dir='ltr'>ubi</span> <span class='ocrx_word' id='word_1_112' title='bbox 869 2811 1190 2875; x_wconf 85' lang='lat' dir='ltr'>aequoreas</span> <span class='ocrx_word' id='word_1_113' title='bbox 1219 2811 1440 2855; x_wconf 89' lang='lat' dir='ltr'>rursus</span> <span class='ocrx_word' id='word_1_114' title='bbox 1471 2792 1871 2875; x_wconf 88' lang='lat' dir='ltr'>superaverit</span> <span class='ocrx_word' id='word_1_115' title='bbox 1898 2791 2124 2866; x_wconf 86' lang='lat' dir='ltr'>undas,</span> 
     </span>
     <span class='ocr_line' id='line_1_20' title="bbox 613 2903 1855 2987; baseline 0.001 -21"><span class='ocrx_word' id='word_1_116' title='bbox 613 2904 700 2967; x_wconf 87' lang='lat' dir='ltr'>Et</span> <span class='ocrx_word' id='word_1_117' title='bbox 728 2903 918 2986; x_wconf 84' lang='lat' dir='ltr'>parili</span> <span class='ocrx_word' id='word_1_118' title='bbox 947 2904 1174 2968; x_wconf 89' lang='lat' dir='ltr'>crescit</span> <span class='ocrx_word' id='word_1_119' title='bbox 1207 2903 1641 2987; x_wconf 87' lang='lat' dir='ltr'>deteriturque</span> <span class='ocrx_word' id='word_1_120' title='bbox 1675 2904 1815 2969; x_wconf 90' lang='lat' dir='ltr'>vice</span> <span class='ocrx_word' id='word_1_121' title='bbox 1842 2929 1855 2967; x_wconf 73' lang='grc' dir='ltr'><strong>ε</strong></span> 
     </span>
    </p>

    <p class='ocr_par' dir='ltr' id='par_1_13' title="bbox 507 3013 2406 3212">
     <span class='ocr_line' id='line_1_21' title="bbox 507 3013 2406 3099; baseline -0.002 -20"><span class='ocrx_word' id='word_1_122' title='bbox 507 3016 724 3092; x_wconf 84' lang='lat' dir='ltr'>Quum</span> <span class='ocrx_word' id='word_1_123' title='bbox 753 3037 886 3080; x_wconf 88' lang='lat' dir='ltr'>sors</span> <span class='ocrx_word' id='word_1_124' title='bbox 917 3022 1166 3099; x_wconf 88' lang='lat' dir='ltr'>sceptra</span> <span class='ocrx_word' id='word_1_125' title='bbox 1193 3016 1358 3081; x_wconf 86' lang='lat' dir='ltr'>levis</span> <span class='ocrx_word' id='word_1_126' title='bbox 1393 3036 1568 3080; x_wconf 88' lang='lat' dir='ltr'>nunc</span> <span class='ocrx_word' id='word_1_127' title='bbox 1596 3016 1752 3079; x_wconf 90' lang='lat' dir='ltr'>huic</span> <span class='ocrx_word' id='word_1_128' title='bbox 1784 3035 1960 3079; x_wconf 91' lang='lat' dir='ltr'>nunc</span> <span class='ocrx_word' id='word_1_129' title='bbox 1987 3013 2259 3078; x_wconf 85' lang='lat' dir='ltr'>tradidit</span> <span class='ocrx_word' id='word_1_130' title='bbox 2288 3013 2406 3088; x_wconf 91' lang='lat' dir='ltr'>illi,</span> 
     </span>
     <span class='ocr_line' id='line_1_22' title="bbox 613 3128 2117 3212; baseline -0.001 -21"><span class='ocrx_word' id='word_1_131' title='bbox 613 3129 768 3212; x_wconf 90' lang='lat' dir='ltr'>Ipsa</span> <span class='ocrx_word' id='word_1_132' title='bbox 801 3149 927 3212; x_wconf 89' lang='lat' dir='ltr'>que</span> <span class='ocrx_word' id='word_1_133' title='bbox 956 3129 1299 3212; x_wconf 81' lang='lat' dir='ltr'>paullatim</span> <span class='ocrx_word' id='word_1_134' title='bbox 1329 3134 1580 3212; x_wconf 87' lang='lat' dir='ltr'>sceptra</span> <span class='ocrx_word' id='word_1_135' title='bbox 1609 3128 1850 3192; x_wconf 89' lang='lat' dir='ltr'>caduca</span> <span class='ocrx_word' id='word_1_136' title='bbox 1877 3131 2077 3190; x_wconf 87' lang='lat' dir='ltr'>ruunt</span> <span class='ocrx_word' id='word_1_137' title='bbox 2104 3150 2117 3189; x_wconf 90' lang='lat'>:</span> 
     </span>
    </p>

    <p class='ocr_par' dir='ltr' id='par_1_14' title="bbox 503 3240 2081 3437">
     <span class='ocr_line' id='line_1_23' title="bbox 503 3240 2081 3316; baseline -0.001 -12"><span class='ocrx_word' id='word_1_138' title='bbox 503 3241 628 3305; x_wconf 87' lang='lat' dir='ltr'>Hae</span> <span class='ocrx_word' id='word_1_139' title='bbox 655 3261 868 3305; x_wconf 88' lang='lat' dir='ltr'>rerum</span> <span class='ocrx_word' id='word_1_140' title='bbox 897 3242 1169 3306; x_wconf 87' lang='lat' dir='ltr'>docuere</span> <span class='ocrx_word' id='word_1_141' title='bbox 1197 3240 1373 3305; x_wconf 86' lang='lat' dir='ltr'>vices</span> <span class='ocrx_word' id='word_1_142' title='bbox 1404 3241 1495 3304; x_wconf 90' lang='lat' dir='ltr'>sie</span> <span class='ocrx_word' id='word_1_143' title='bbox 1523 3241 1782 3305; x_wconf 87' lang='lat' dir='ltr'>volvere</span> <span class='ocrx_word' id='word_1_144' title='bbox 1809 3260 2081 3316; x_wconf 88' lang='lat' dir='ltr'>mecum,</span> 
     </span>
     <span class='ocr_line' id='line_1_24' title="bbox 614 3353 2061 3437; baseline 0 -20"><span class='ocrx_word' id='word_1_145' title='bbox 614 3354 768 3419; x_wconf 90' lang='lat' dir='ltr'>Heu</span> <span class='ocrx_word' id='word_1_146' title='bbox 794 3354 1014 3419; x_wconf 88' lang='lat' dir='ltr'>veniet</span> <span class='ocrx_word' id='word_1_147' title='bbox 1041 3358 1298 3437; x_wconf 90' lang='lat' dir='ltr'>tempus</span> <span class='ocrx_word' id='word_1_148' title='bbox 1326 3378 1340 3417; x_wconf 75' lang='grc' dir='ltr'>ε</span> <span class='ocrx_word' id='word_1_149' title='bbox 1385 3358 1604 3419; x_wconf 91' lang='lat' dir='ltr'>noster</span> <span class='ocrx_word' id='word_1_150' title='bbox 1634 3353 1839 3419; x_wconf 89' lang='lat' dir='ltr'>abibit</span> <span class='ocrx_word' id='word_1_151' title='bbox 1868 3373 2061 3417; x_wconf 89' lang='lat' dir='ltr'>amor.</span> 
     </span>
    </p>

    <p class='ocr_par' dir='ltr' id='par_1_15' title="bbox 498 3464 2117 3662">
     <span class='ocr_line' id='line_1_25' title="bbox 498 3464 2117 3551; baseline 0.001 -23"><span class='ocrx_word' id='word_1_152' title='bbox 498 3465 606 3530; x_wconf 86' lang='lat' dir='ltr'>Sic</span> <span class='ocrx_word' id='word_1_153' title='bbox 636 3486 751 3551; x_wconf 84' lang='lat' dir='ltr'>ego</span> <span class='ocrx_word' id='word_1_154' title='bbox 779 3466 1056 3530; x_wconf 86' lang='lat' dir='ltr'>vivendo</span> <span class='ocrx_word' id='word_1_155' title='bbox 1087 3467 1337 3543; x_wconf 90' lang='lat' dir='ltr'>morior,</span> <span class='ocrx_word' id='word_1_156' title='bbox 1367 3486 1562 3549; x_wconf 90' lang='lat' dir='ltr'>quem</span> <span class='ocrx_word' id='word_1_157' title='bbox 1589 3471 1796 3531; x_wconf 91' lang='lat' dir='ltr'>morte</span> <span class='ocrx_word' id='word_1_158' title='bbox 1826 3466 1946 3530; x_wconf 91' lang='lat' dir='ltr'>sub</span> <span class='ocrx_word' id='word_1_159' title='bbox 1976 3464 2117 3548; x_wconf 68' lang='lat' dir='ltr'>ipsa</span> 
     </span>
     <span class='ocr_line' id='line_1_26' title="bbox 611 3578 2023 3662; baseline -0.001 -20"><span class='ocrx_word' id='word_1_160' title='bbox 611 3578 880 3643; x_wconf 87' lang='lat' dir='ltr'>Perdere</span> <span class='ocrx_word' id='word_1_161' title='bbox 911 3579 1085 3662; x_wconf 90' lang='lat' dir='ltr'>quod</span> <span class='ocrx_word' id='word_1_162' title='bbox 1113 3584 1333 3643; x_wconf 91' lang='lat' dir='ltr'>metuo</span> <span class='ocrx_word' id='word_1_163' title='bbox 1361 3599 1496 3642; x_wconf 89' lang='lat' dir='ltr'>non</span> <span class='ocrx_word' id='word_1_164' title='bbox 1523 3579 1803 3643; x_wconf 74' lang='lat' dir='ltr'>caruisse</span> <span class='ocrx_word' id='word_1_165' title='bbox 1831 3578 2023 3661; x_wconf 85' lang='lat' dir='ltr'>piget.</span> 
     </span>
    </p>
   </div>
   <div class='ocr_carea' id='block_1_6' title="bbox 1057 3820 1825 3887">
    <p class='ocr_par' dir='ltr' id='par_1_16' title="bbox 1057 3820 1825 3887">
     <span class='ocr_line' id='line_1_27' title="bbox 1057 3820 1825 3887; baseline -0.001 -3"><span class='ocrx_word' id='word_1_166' title='bbox 1057 3820 1571 3887; x_wconf 84' lang='lat' dir='ltr'><em>EXERCISE</em></span> <span class='ocrx_word' id='word_1_167' title='bbox 1617 3820 1825 3884; x_wconf 89' lang='lat' dir='ltr'><em>XIII.</em></span> 
     </span>
    </p>
   </div>
   <div class='ocr_carea' id='block_1_7' title="bbox 495 3972 2299 4297">
    <p class='ocr_par' dir='ltr' id='par_1_17' title="bbox 495 3972 2299 4297">
     <span class='ocr_line' id='line_1_28' title="bbox 502 3972 2116 4060; baseline -0.001 -23"><span class='ocrx_word' id='word_1_168' title='bbox 502 3974 774 4041; x_wconf 90' lang='lat' dir='ltr'>Roribus</span> <span class='ocrx_word' id='word_1_169' title='bbox 801 3982 880 4041; x_wconf 91' lang='lat' dir='ltr'>ut</span> <span class='ocrx_word' id='word_1_170' title='bbox 907 3976 1180 4060; x_wconf 83' lang='lat' dir='ltr'>placidis</span> <span class='ocrx_word' id='word_1_171' title='bbox 1209 3977 1450 4042; x_wconf 90' lang='lat' dir='ltr'>sensim</span> <span class='ocrx_word' id='word_1_172' title='bbox 1478 3974 1846 4060; x_wconf 85' lang='lat' dir='ltr'>languentis</span> <span class='ocrx_word' id='word_1_173' title='bbox 1881 3972 2116 4039; x_wconf 85' lang='lat' dir='ltr'>ocellos</span> 
     </span>
     <span class='ocr_line' id='line_1_29' title="bbox 610 4088 1857 4173; baseline 0.001 -22"><span class='ocrx_word' id='word_1_174' title='bbox 610 4088 891 4173; x_wconf 89' lang='lat' dir='ltr'>Incipiet</span> <span class='ocrx_word' id='word_1_175' title='bbox 918 4094 1170 4154; x_wconf 89' lang='lat' dir='ltr'>nostros</span> <span class='ocrx_word' id='word_1_176' title='bbox 1198 4089 1370 4154; x_wconf 83' lang='lat' dir='ltr'>alma</span> <span class='ocrx_word' id='word_1_177' title='bbox 1396 4089 1602 4173; x_wconf 86' lang='lat' dir='ltr'>rigare</span> <span class='ocrx_word' id='word_1_178' title='bbox 1632 4089 1815 4172; x_wconf 92' lang='lat' dir='ltr'>quies</span> <span class='ocrx_word' id='word_1_179' title='bbox 1839 4111 1857 4167; x_wconf 84' lang='lat'><em>3</em></span> 
     </span>
     <span class='ocr_line' id='line_1_30' title="bbox 495 4197 2299 4297; baseline -0.001 -34"><span class='ocrx_word' id='word_1_180' title='bbox 495 4200 662 4264; x_wconf 91' lang='lat' dir='ltr'>Tum</span> <span class='ocrx_word' id='word_1_181' title='bbox 691 4202 920 4266; x_wconf 88' lang='lat' dir='ltr'>subeat</span> <span class='ocrx_word' id='word_1_182' title='bbox 946 4208 1233 4267; x_wconf 89' lang='lat' dir='ltr'>mentem</span> <span class='ocrx_word' id='word_1_183' title='bbox 1265 4207 1415 4286; x_wconf 90' lang='lat' dir='ltr'>post</span> <span class='ocrx_word' id='word_1_184' title='bbox 1443 4202 1675 4279; x_wconf 88' lang='lat' dir='ltr'>omnia,</span> <span class='ocrx_word' id='word_1_185' title='bbox 1709 4201 1968 4278; x_wconf 80' lang='lat' dir='ltr'>Quanta</span> <span class='ocrx_word' id='word_1_186' title='bbox 1998 4197 2299 4297; x_wconf 83' lang='lat' dir='ltr'>voluptas</span> 
     </span>
    </p>
   </div>
   <div class='ocr_carea' id='block_1_8' title="bbox 609 4313 1917 4488">
    <p class='ocr_par' dir='ltr' id='par_1_18' title="bbox 609 4313 1917 4488">
     <span class='ocr_line' id='line_1_31' title="bbox 609 4313 1917 4398; baseline -0.001 -23"><span class='ocrx_word' id='word_1_187' title='bbox 609 4313 696 4377; x_wconf 92' lang='lat' dir='ltr'>In</span> <span class='ocrx_word' id='word_1_188' title='bbox 724 4314 970 4379; x_wconf 85' lang='lat' dir='ltr'>Christi</span> <span class='ocrx_word' id='word_1_189' title='bbox 999 4334 1252 4398; x_wconf 86' lang='lat' dir='ltr'>semper</span> <span class='ocrx_word' id='word_1_190' title='bbox 1279 4314 1695 4398; x_wconf 87' lang='lat' dir='ltr'>procubuisse</span> <span class='ocrx_word' id='word_1_191' title='bbox 1730 4313 1917 4378; x_wconf 81' lang='lat' dir='ltr'>sinu!</span> 
     </span>
     <span class='ocr_line' id='line_1_32' title="bbox 1422 4443 1467 4488; baseline 0 0"><span class='ocrx_word' id='word_1_192' title='bbox 1422 4443 1467 4488; x_wconf 85' lang='lat' dir='ltr'>n</span> 
     </span>
    </p>
   </div>
   <div class='ocr_carea' id='block_1_9' title="bbox 2430 422 2519 487">
    <p class='ocr_par' dir='ltr' id='par_1_19' title="bbox 2430 422 2519 487">
     <span class='ocr_line' id='line_1_33' title="bbox 2430 422 2519 487; baseline 0.079 -7"><span class='ocrx_word' id='word_1_193' title='bbox 2430 422 2519 487; x_wconf 90' lang='grc'>49</span> 
     </span>
    </p>
   </div>
  </div>
 </body>
</html>
