3181 4990
670 403 747 451 12
837 386 1069 450 KEY
1115 385 1236 451 TO
1278 382 1998 450 PROGRESSIVE
2042 382 2622 451 EXERCISES

765 581 1093 665 Sanguine
1121 599 1444 663 purpureo
1472 578 1735 662 perfusa
1762 578 2074 643 cadavera
2100 585 2269 643 retro

863 693 973 757 Ad
1000 711 1238 757 vacuos
1268 712 1487 756 secum
1516 711 1789 775 quaeque
1823 689 2030 755 tulere
2059 690 2225 755 lares
2253 714 2266 755 ε

764 806 1127 890 Osculaque
1156 804 1473 870 exanimis
1501 802 1817 868 iterarunt
1843 804 2040 880 mille,
2069 804 2446 888 priusquam

863 918 1284 982 Tradiderant
1313 918 1441 982 udo
1470 917 1760 982 membra
1787 916 2062 1001 tegenda
2091 915 2243 980 solo,

1234 1199 1517 1299 EXER
1528 1198 1752 1265 CJSE
1813 1198 2048 1262 XXX
2064 1198 2137 1263 V.
2243 1284 2250 1291 ,

736 1364 952 1441 ‚Vixit
980 1384 1144 1431 anus
1175 1364 1487 1448 quaedam,
1518 1385 1714 1449 quam
1741 1364 1942 1448 prolis
1972 1364 2159 1447 copia
2187 1364 2343 1429 fecit

864 1478 1255 1541 Dementem
1286 1501 1299 1541 ε
1344 1477 1503 1541 tecti
1532 1477 1784 1541 calceus
1812 1477 2018 1541 instar
2046 1483 2199 1543 erat.

760 1590 807 1654 J
810 1610 887 1654 us
914 1590 1133 1673 pueris
1162 1589 1303 1655 sine
1329 1611 1497 1674 pane
1527 1589 1743 1669 dedit3
1789 1589 1943 1654 dein
1970 1610 2090 1654 usa
2117 1589 2387 1674 fiage110,

862 1708 897 1736 “
916 1702 1068 1779 Ite?
1098 1702 1206 1779 ait,
1238 1708 1272 1735 “
1293 1703 1365 1766 in
1390 1703 1634 1767 lectum
1663 1702 1898 1767 currite
1930 1703 2204 1787 quisque
2233 1702 2473 1767 suum.”

1094 1983 1613 2051 EXERCISE
1671 1984 1906 2047 XXX
1922 1984 2280 2051 VL—XL.

766 2152 940 2230 Quot
967 2152 1216 2236 patitur
1241 2173 1465 2237 nugas,
1496 2159 1657 2238 quot
1683 2154 1924 2236 ineptae
1952 2173 2252 2217 mumura
2278 2153 2516 2237 linguae

865 2266 1118 2343 Audiit,
1150 2267 1430 2331 assiduis
1464 2267 1642 2331 culta
1669 2266 1888 2351 puella
1915 2267 2143 2350 procis.

770 2378 1104 2462 Quidquid
1134 2380 1281 2464 agit,
1315 2400 1571 2463 quoquo
1603 2380 1922 2444 radiantia
1949 2378 2200 2443 lumina
2227 2379 2446 2455 flectit,

864 2491 1247 2576 Importuna
1275 2493 1495 2558 subest
1524 2492 1957 2577 sollicitatque
1988 2492 2227 2558 cohors.

762 2605 881 2669 Sin
910 2610 1148 2669 tenerae
1180 2605 1365 2670 nulla
1393 2605 1655 2689 capiant
1684 2606 2022 2671 dulcedine
2051 2627 2256 2690 nugae,

867 2718 1029 2781 Haec
1059 2723 1388 2782 contracta
1416 2725 1594 2783 vetet
1618 2719 1794 2784 frons
1822 2719 2188 2804 tacitusque
2221 2719 2443 2803 pudor.

763 2831 967 2914 Terga
992 2851 1225 2914 procus
1254 2836 1465 2896 vertat
1494 2832 1798 2916 nymphae
1824 2832 2139 2918 gravitate
2167 2832 2499 2916 repulsus3

863 2943 993 3008 Vel
1020 2943 1293 3010 minimo
1324 2945 1528 3030 carpit
1556 2946 1821 3011 verbere
1850 2965 2074 3010 musca
2100 2945 2336 3030 fugam.

763 3170 926 3248 Quis
954 3176 1180 3236 tamen
1209 3172 1619 3238 innumeram
1653 3178 1837 3257 cogat
1866 3172 2192 3238 discedere
2220 3178 2481 3257 gentem
2505 3176 2530 3237 2

858 3283 1089 3348 Altera
1116 3285 1434 3362 succedet,
1467 3285 1706 3370 fugerit
1733 3305 1881 3361 una,
1908 3285 2064 3349 loco,

761 3396 893 3474 Qui
920 3395 1198 3460 stultum
1226 3397 1427 3474 novit,
1457 3397 1719 3462 fratrem
1750 3418 2006 3482 quoque
2033 3398 2287 3462 noverit
2313 3397 2523 3476 idem;

862 3508 1026 3586 Quis
1055 3509 1357 3598 comitem
1388 3531 1581 3595 quem
1609 3531 1742 3574 non
1770 3510 1990 3574 laudet
2017 3510 2278 3595 ineptus
2305 3512 2500 3576 habet
2522 3515 2546 3576 2

762 3621 867 3688 Sic
895 3621 1105 3705 primo
1134 3627 1538 3709 quaecunque
1566 3644 1752 3688 aures
1780 3622 1948 3687 male
1981 3623 2241 3688 credula
2267 3623 2526 3708 praebet,

862 3734 1055 3799 Hanc
1083 3756 1345 3819 poenam
1373 3735 1605 3802 merita
1635 3740 1819 3820 peste
1848 3735 2070 3820 puella
2097 3735 2244 3801 luit.

761 3961 951 4024 Forte
984 3979 1199 4026 comas
1228 3962 1555 4046 quondam
1582 3962 1867 4048 fingebat
1893 3962 1968 4026 in
2001 3963 2225 4028 ordine
2253 3963 2464 4040 Doris,

862 4073 947 4137 In
976 4073 1241 4157 speculo
1269 4095 1534 4142 veneres
1565 4075 1723 4141 dum
1750 4076 1910 4160 legit
1937 4075 2055 4140 illa
2082 4096 2247 4141 suas⁸

760 4186 827 4249 N
828 4207 956 4251 unc
985 4186 1178 4252 vultu
1204 4188 1496 4272 graviore
1526 4189 1724 4268 sedet,
1754 4210 1930 4254 nunc
1958 4189 2170 4254 fronte
2199 4186 2429 4266 soluta,

876 4298 1078 4363 Fallit
1103 4303 1171 4364 et
1199 4300 1498 4366 aestivum
1528 4302 1927 4388 semisupina
1955 4302 2143 4368 diem.
