3181 4990
618 407 704 470 62
794 407 1029 472 KEY
1075 404 1197 471 TO
1242 403 1961 471 PROGRESSIVE
2004 400 2582 469 EXERCISES

1261 742 1775 807 EXERCISE
1819 740 2093 805 XLIX.

722 911 834 974 An
860 910 1015 976 licet
1045 911 1286 976 aestivae
1314 911 1595 975 similem
1624 918 1689 976 te
1719 911 1884 976 ferre
1914 910 2046 976 diei
2069 911 2093 972 2

819 1024 915 1087 At
939 1029 1017 1088 tu
1045 1024 1352 1108 temperie
1383 1024 1754 1089 candidiore
1782 1024 1970 1088 nites,

726 1137 901 1213 Quos
931 1137 1097 1202 aluit
1124 1137 1344 1202 Maius
1376 1138 1563 1203 flores
1594 1138 1809 1222 quatit
1841 1138 2124 1222 impetus
2152 1135 2327 1212 Euri,

821 1250 1171 1334 Gloriaque
1200 1251 1444 1316 aestatis
1473 1251 1718 1316 decidit
1749 1258 1902 1316 ante
1931 1250 2121 1316 diem.

717 1363 839 1428 Est
866 1364 983 1428 ubi
1010 1365 1123 1427 fax
1153 1364 1301 1428 coeli
1330 1364 1532 1428 nimio
1560 1365 1810 1448 fulgore
1838 1364 2142 1432 calescit:

819 1475 1077 1541 Aureus
1107 1477 1435 1541 interdum
1463 1477 1730 1561 languet
1757 1477 1829 1540 in
1858 1498 1966 1542 ore
1996 1476 2171 1540 color
2202 1498 2216 1537 ε

725 1589 856 1654 Seu
883 1590 1027 1654 vice
1056 1594 1321 1666 naturae,
1351 1609 1466 1653 seu
1496 1609 1668 1666 casu,
1697 1589 1852 1654 laesa
1880 1593 2190 1653 venustas

820 1702 930 1765 Fit
957 1702 1169 1766 minor
1196 1701 1543 1778 interdum,
1575 1723 1695 1766 nec
1724 1702 1909 1766 velut
1938 1707 2088 1766 ante
2117 1700 2367 1784 placet:

727 1816 820 1878 At
848 1814 973 1879 tibi
1002 1814 1179 1898 quod
1206 1814 1418 1898 pulcri
1445 1820 1546 1880 est
1573 1835 1910 1898 nunquam
1937 1813 2236 1879 moerebis
2262 1813 2652 1897 ademptum,

825 1927 1024 1991 Vivet
1053 1932 1120 1992 et
1141 1928 1381 1992 aestatis
1408 1927 1612 2011 gloria
1641 1928 1820 1992 salva
1848 1935 1979 1992 tuae
2006 1952 2019 1991 ε

707 2041 849 2106 Nec
877 2046 944 2104 te
973 2061 1143 2104 vana
1170 2040 1305 2104 suis
1335 2040 1624 2105 Libitina
1653 2041 2019 2124 ascripserit
2046 2040 2311 2117 umbrie,

825 2153 995 2218 Cum
1022 2158 1178 2218 tuus
1213 2160 1451 2218 oeterno
1481 2154 1764 2218 carmine
1794 2159 2035 2219 crescat
2062 2153 2307 2218 honos:

709 2266 890 2330 Dum
921 2266 1170 2349 spirant
1199 2265 1511 2344 homine-3,
1540 2267 1715 2332 oculi
1744 2266 1901 2330 dum
1930 2287 2183 2331 cernere
2212 2269 2501 2350 possunt,

832 2379 1137 2443 Carmina
1168 2384 1376 2444 morte
1406 2385 1626 2444 carent
1654 2380 1812 2462 ipsa,
1841 2385 2192 2464 vetantque
2221 2378 2400 2443 mori⁴

1337 2671 1853 2738 EXERCISE
1910 2673 1991 2735 L.

712 2843 884 2907 Saxa
911 2861 1075 2926 vago
1097 2841 1359 2925 juvenis
1388 2841 1624 2906 lustrat
1651 2841 1815 2925 pede
1842 2841 2083 2905 torrida
2109 2842 2263 2905 vitae
2289 2865 2302 2905 z

822 2954 1129 3017 Diffindit
1159 2954 1443 3034 silicem;
1485 2974 1653 3019 vena
1679 2960 1931 3039 reperta
1957 2960 2154 3039 patet.

708 3067 862 3151 [Per
882 3068 1043 3152 juga
1071 3066 1276 3151 palari
1297 3068 1560 3151 juvenis
1590 3068 1756 3134 solet
1789 3066 1967 3133 arida
1993 3068 2168 3145 vitae,

823 3179 911 3243 Et
939 3200 1172 3245 venam
1199 3179 1348 3244 fissa
1375 3201 1533 3265 rupe
1561 3180 1838 3245 recludit
1867 3181 2097 3264 aquae]

713 3292 852 3358 Nec
881 3314 1075 3369 mora,
1107 3292 1460 3357 ductilibus
1491 3292 1839 3357 decurrunt
1864 3293 2136 3356 flumina
2167 3292 2468 3377 lymphis,

824 3404 1132 3467 Flumina
1160 3423 1292 3466 non
1320 3402 1456 3466 ullo
1485 3424 1709 3468 rursus
1739 3405 1910 3467 itura
1939 3404 2057 3469 die.

716 3516 1002 3581 Alveum
1031 3515 1327 3579 certatim
1355 3514 1665 3599 grandem
1691 3516 2002 3579 maturior
2030 3515 2217 3580 annis

845 3627 1116 3704 scindit,
1149 3648 1278 3711 quo
1309 3626 1536 3692 nitidis
1565 3628 1743 3692 rivus
1772 3628 2022 3693 oberret
2051 3628 2272 3713 aquis:

714 3741 972 3805 Interea
1000 3740 1209 3804 nescit
1237 3760 1446 3805 sacras
1476 3738 1643 3805 male
1670 3741 1976 3825 providus
2004 3742 2214 3805 undas

828 3851 1134 3935 Dilapsas
1165 3852 1380 3917 subita
1409 3853 1757 3936 praeteriise
1785 3852 1951 3936 fuga.

715 3966 879 4029 Inde
907 3965 1092 4029 venit
1121 3965 1344 4041 senior,
1375 3965 1794 4048 titubansque
1824 3962 2071 4029 accedit
2099 3965 2182 4029 ad
2210 3964 2483 4042 alveum,

828 4076 1125 4159 Saxaque
1153 4076 1426 4139 rimatur
1455 4076 1789 4141 deficiente
1820 4096 2033 4142 manu„

715 4188 892 4254 Voce
924 4194 1098 4253 caret
1126 4207 1318 4272 rupes
1347 4212 1362 4253 :
1407 4186 1576 4253 sicco
1608 4193 1739 4253 stat
1767 4190 2028 4254 tramite
2055 4188 2271 4256 rivus:

832 4302 1254 4385 Membraque
1285 4301 1552 4386 deponit
1579 4301 1887 4386 languida
1914 4302 2085 4368 facta
2115 4322 2326 4371 senex
