3181 4990
613 428 701 491 42
792 412 1024 475 KEY
1067 410 1191 476 TO
1230 403 1946 475 PRO'GRESSJVE
1987 408 2563 474 EXERCISES

718 605 951 669 Ferrea
974 622 1107 667 vox
1132 602 1287 665 litui
1312 607 1459 665 tum
1484 600 1796 685 praedicet
1827 622 1950 666 aere
1975 601 2426 685 triumphum,
2407 627 2422 640 ·

814 718 929 793 Tu,
962 736 1168 799 quum
1194 714 1493 778 funereos
1527 714 1753 778 afferet
1779 734 1938 777 aura
1965 735 2174 793 sonos,

717 831 903 907 Tum,
930 828 1181 912 Ialage,
1208 828 1856 909 mihinecteprecor,
1881 784 2592 904 tumnectecorollam,

815 942 903 1005 Et
930 942 1012 1005 de
1042 940 1332 1023 cupressi
1358 960 1528 1003 nexa
1554 939 1644 1003 sit
1675 939 1794 1002 illa
1822 940 2040 1004 comis.

710 1177 920 1241 Immo
952 1181 1104 1241 texe
1134 1176 1316 1253 mihi,
1349 1181 1495 1239 tum
1521 1196 1675 1240 vero
1703 1180 1854 1240 texe
1887 1196 2302 1259 cupressum3

813 1290 908 1355 At
934 1309 1125 1365 nunc,
1156 1289 1213 1353 Ο
1248 1288 1500 1373 Ialage,
1528 1294 1750 1353 texere
1775 1308 1967 1371 parce
1995 1309 2262 1372 precor:

711 1403 952 1467 Texere
976 1422 1168 1485 parce
1193 1422 1432 1484 precor,
1464 1400 1677 1484 rapidi
1704 1401 1864 1465 dum
1889 1402 2127 1485 fugerit
2155 1403 2311 1465 anni

812 1515 970 1579 Pars
998 1514 1229 1591 brevic,
1260 1520 1325 1578 et
1352 1520 1620 1597 pereant
1645 1514 1870 1579 lumen
1899 1535 2204 1598 amorque
2232 1515 2394 1579 mihi
2424 1541 2438 1579 ε

714 1628 1023 1712 Tempore
1052 1648 1180 1710 quo
1209 1647 1412 1711 pagus
1440 1628 1634 1691 violis
1662 1628 1917 1710 rorique
1946 1629 2198 1691 marino

810 1741 899 1804 Et
927 1739 1092 1803 rutis
1122 1738 1430 1803 feretrum
1462 1760 1854 1824 supposuere
1882 1760 2102 1804 meum
2131 1766 2145 1804 ε

710 1854 893 1931 Tum,
921 1852 1173 1937 Lalage,
1209 1853 1373 1917 mihi
1400 1858 1587 1917 necte
1617 1873 1856 1936 precor,
1885 1860 2030 1916 tum
2058 1857 2245 1917 necte
2274 1852 2588 1928 corollam,

810 1967 898 2030 Et
930 1968 1010 2030 de
1041 1966 1326 2049 cupressi
1355 1986 1525 2035 nexa
1553 1966 1642 2030 sit
1671 1965 1786 2029 illa
1813 1966 2027 2029 comis.

956 2310 1470 2377 EXERCISE
1536 2309 1907 2375 CXXXV.
1959 2309 2368 2374 CXXXVI.

708 2516 958 2594 Rivule,
989 2517 1143 2582 siste
1172 2517 1389 2601 fugam
1412 2541 1428 2596 ;
1474 2536 1587 2580 cur
1615 2516 1853 2580 vallem
1881 2515 2172 2599 linquere
2199 2517 2397 2600 gestis

809 2630 967 2706 Quae
998 2629 1169 2712 ripas
1198 2628 1435 2693 virides
1464 2628 1667 2713 cingit
1697 2649 1949 2692 amoena
1976 2629 2098 2693 tibi
2122 2632 2146 2691 2

706 2743 912 2806 Fonte
941 2742 1130 2806 modo
1162 2742 1400 2819 exibaS,
1430 2763 1634 2825 quum
1662 2741 1780 2804 lux
1808 2746 1876 2805 te
1904 2741 2114 2823 prima
2141 2742 2425 2806 videret:

806 2854 1089 2937 Vespere
1120 2874 1233 2926 cur
1260 2853 1478 2938 magni
1505 2874 1654 2936 pars
1683 2853 1878 2917 maris
1909 2874 2046 2918 esse
2077 2854 2260 2936 cupis
2283 2858 2307 2916 2

706 2968 871 3032 Tum
902 2966 1186 3051 primum
1218 2967 1546 3032 exoriente
1582 2967 1688 3031 die
1717 2987 1849 3031 non
1883 2967 2141 3031 tenuior
2167 2966 2302 3030 ulla

805 3081 1002 3144 Edita
1035 3080 1115 3145 de
1143 3081 1356 3164 gelido
1384 3080 1642 3164 pumice
1678 3080 1968 3163 nympha
1996 3079 2164 3158 fuit3

706 3192 855 3258 Flos
885 3213 1095 3276 neque
1128 3191 1377 3257 deflexa
1407 3193 1753 3276 quisquam
1783 3191 2029 3255 cervice
2060 3191 2324 3255 notabat

807 3304 949 3382 Qua
977 3304 1207 3368 furtim
1234 3303 1435 3369 tacita
1466 3309 1748 3388 serperet
1778 3302 1955 3366 unda
1987 3303 2108 3367 via„

705 3417 752 3480 J
752 3437 858 3481 am
884 3422 951 3481 te
982 3416 1061 3480 de
1092 3417 1303 3481 medio
1335 3416 1483 3480 coeli
1512 3417 1611 3480 sol
1639 3415 1913 3499 despicit
1943 3436 2079 3491 axe,

804 3529 986 3592 Dum
1014 3529 1206 3612 pleno
1236 3529 1520 3594 tumidas
1557 3530 1813 3613 agmine
1844 3528 2055 3592 volvis
2085 3548 2300 3611 aquas,

706 3642 1114 3730 Splendidior
1141 3641 1337 3725 quam
1368 3662 1511 3725 quae
1541 3641 1897 3706 clarissima
1923 3641 2166 3704 labitur
2193 3641 2386 3718 unda,

802 3754 1029 3820 Acrior
1059 3761 1124 3820 et
1151 3754 1375 3838 rapida
1405 3754 1600 3838 quam
1629 3754 1763 3816 ruit
1791 3754 1928 3817 ulla
1955 3751 2123 3836 fuga.

688 3991 800 4056 Ah
828 3989 994 4053 mihi
1022 3988 1149 4073 quo
1179 4010 1479 4073 properas
1505 3993 1529 4054 2
1576 3976 1723 4073 quae
1751 3993 1937 4053 tanta
1965 3995 2065 4054 est
2096 3990 2299 4073 gloria
2325 3989 2542 4073 magni

805 4101 1125 4166 Fluminis
1151 4105 1174 4166 ἲ
1264 4102 1518 4166 Oceano
1555 4123 1746 4166 curve
1775 4102 1985 4186 perire
2007 4103 2242 4185 juvat?

692 4214 832 4299 Ipsi
860 4219 927 4278 te
958 4212 1170 4277 fontes
1200 4213 1272 4276 in
1301 4218 1486 4278 vasta
1520 4213 1763 4278 oblivia
1789 4214 2084 4291 trudunt,

801 4323 1018 4409 Ocyus
1048 4331 1114 4390 et
1148 4325 1333 4406 donis
1362 4325 1461 4390 nil
1493 4326 1624 4390 nisi
1651 4326 1844 4390 busta
1876 4332 2120 4409 parant.
