3181 4990
645 397 730 460 26
819 396 1054 460 KEY
1098 397 1220 461 TO
1261 395 1983 462 PROGRESSIVE
2024 397 2604 464 EXERCISES

727 591 852 654 Hae
884 590 1154 655 docuere
1183 589 1360 654 vices
1387 589 1661 654 memori
1691 590 1813 654 sub
1846 593 2101 673 pectore
2132 609 2386 674 semper

839 703 1134 791 Volvere,
1163 703 1266 766 uti
1293 707 1640 786 properent
1666 702 1903 787 gaudia
1929 706 2150 768 nostra
2176 704 2358 769 mori.

725 816 882 880 Vita
909 816 1172 899 quidem
1201 816 1416 880 brevis
1447 821 1586 896 est3
1638 816 1895 880 brevior
1922 821 2142 880 tamen
2172 822 2324 884 ante
2350 818 2669 904 voluptas,

841 929 1052 1007 Quam
1080 934 1357 1016 pereimt
1385 929 1516 1013 ipsi
1545 930 1663 1012 qui
1688 949 1971 1013 rapuere,
2008 929 2178 1012 perit
2208 934 2221 994 ³

941 1158 1479 1247 ¹EXERCISE
1539 1159 1967 1223 LXXXIV.
2012 1160 2400 1225 LXXXV.

722 1303 998 1386 Carpite,
1029 1302 1187 1366 dum
1216 1302 1314 1366 fas
1349 1306 1465 1378 est,
1495 1302 1821 1386 nymphae,
1852 1302 1981 1366 cito
2012 1301 2255 1386 carpite
2283 1303 2505 1382 flore33

835 1415 987 1479 Non
1013 1413 1372 1480 revocanda
1400 1413 1656 1490 iterum,
1687 1413 1843 1478 dum
1870 1414 2115 1497 loquor,
2143 1415 2301 1481 hora
2333 1417 2537 1500 fugit:

722 1528 1008 1609 Quaeque
1041 1525 1235 1590 hodie
1263 1526 1434 1591 laetis
1467 1545 1605 1590 sese
1635 1545 1779 1590 rosa
1806 1527 2037 1610 pandit
2066 1527 2139 1591 in
2166 1528 2391 1606 hortis,

735 1633 744 1638 ”
832 1639 1116 1722 Dejiciet
1141 1644 1437 1703 tenerum
1467 1659 1605 1704 cras
1629 1638 2022 1730 ¹moribunda
2050 1646 2259 1724 caput.

717 1751 1041 1836 Lampade
1070 1749 1198 1835 quo
1229 1751 1512 1816 Phoebus
1548 1751 1697 1816 coeli
1726 1751 2071 1816 sublimius
2100 1773 2275 1818 arces

833 1864 1140 1947 Occupat,
1171 1868 1239 1928 et
1271 1861 1512 1928 nitidos
1543 1863 1743 1929 altius
1778 1871 1967 1949 urget
1995 1885 2211 1948 equos,

718 1978 862 2043 Hoc
896 1975 1090 2040 citius
1121 1981 1344 2040 notam
1377 1977 1750 2060 properabit
1778 1982 2040 2062 tangere
2072 1983 2334 2055 metam,

830 2088 1168 2174 Hesperiis
1198 2088 1390 2154 citius
1421 2110 1669 2154 mersus
1700 2090 1907 2155 abibit
1938 2090 2137 2174 aquis.

717 2289 983 2374 Optima
1012 2293 1166 2353 sunt
1193 2288 1350 2354 vitae
1379 2309 1527 2372 quse
1553 2293 1848 2373 tempora
1874 2288 2085 2372 prima
2110 2288 2458 2366 virescunt,

829 2401 1156 2485 Sanguine
1186 2422 1390 2484 quum
1416 2422 1603 2466 venae
1631 2401 1971 2466 fervidiore
1999 2406 2271 2466 tument.

714 2514 843 2581 Sed
870 2514 1132 2599 fugiunt
1159 2516 1333 2591 anni,
1362 2534 1574 2597 neque
1603 2519 1803 2579 restat
1834 2514 2111 2598 pristina
2136 2514 2362 2592 virtus,

826 2628 1254 2711 Deteriorque
1283 2628 1462 2691 subit
1491 2627 1895 2711 deteriorque
1924 2625 2079 2692 dies.

712 2741 870 2804 Este
900 2732 1134 2824 igitur-¹
1163 2739 1402 2817 facileS,
1434 2738 1593 2803 dum
1628 2740 1716 2804 sit
1744 2740 2101 2823 reparabile
2128 2744 2405 2824 tempus,

826 2851 1094 2931 Nubite,
1125 2852 1279 2916 dum
1311 2853 1408 2916 fas
1437 2857 1550 2929 est,
1582 2853 1813 2917 nubite
1842 2872 2115 2937 quaeque
2142 2853 2283 2917 viro
2310 2878 2325 2917 ε

711 2965 780 3029 N
780 2984 884 3029 am
913 2965 1112 3029 simul
1141 2986 1215 3029 ac
1244 2965 1516 3030 Veneris
1545 2971 1799 3030 matura
1826 2966 2123 3051 effugerit
2150 2970 2322 3042 setas,

823 3078 1047 3162 Usque
1075 3098 1284 3144 moras
1311 3078 1498 3143 vobis
1527 3079 1753 3145 afferet
1780 3079 1939 3143 hora
1966 3060 2199 3143 novas(

903 3308 1188 3372 EXER
1199 3260 1420 3373 εἶδε
1480 3309 1780 3373 LXXX
1796 3309 1907 3373 VJ.
1953 3307 2252 3372 LXXX
2268 3302 2418 3374 νη.

710 3450 884 3529 Quid
906 3450 1097 3533 juvat
1122 3448 1231 3514 hic
1258 3450 1430 3516 inber
1459 3452 1675 3535 lapsas
1706 3450 1946 3517 sedisse
1976 3450 2323 3529 columnae,

822 3563 1025 3628 Torve
1055 3584 1272 3641 senex,
1303 3562 1480 3629 canis
1511 3564 1962 3648 conspiciende
1993 3565 2241 3629 comis?

704 3676 899 3741 Anne
926 3676 1139 3760 placet
1165 3676 1325 3741 tecti
1351 3678 1478 3742 fam
1486 3698 1590 3742 am
1618 3698 1917 3742 revocare
1945 3677 2269 3761 priorem?

821 3790 1046 3867 Quove
1075 3790 1265 3854 modo
1295 3796 1555 3875 reputas
1592 3791 1678 3855 sit
1707 3790 2029 3855 resolutus
2063 3790 2316 3856 honor?

705 3909 740 3935 “
762 3902 888 3967 Ille
917 3923 1049 3987 eg0,
1081 3902 1140 3967 si
1167 3904 1431 3980 nescis?
1458 3902 1779 3968 horrenda
1806 3923 1965 3967 voce
1994 3902 2302 3979 vicissim,

818 4020 853 4049 “
877 4014 1088 4093 Quem
1117 4015 1310 4079 toties
1339 4015 1554 4099 perdis
1585 4036 1755 4101 saepe
1783 4016 2087 4100 potitus‚''
2120 4016 2255 4080 ait:

703 4134 738 4161 ‘⁸
762 4126 892 4205 Qui
919 4148 1066 4192 reus
1095 4128 1376 4205 alternis,
1407 4126 1536 4212 quo
1563 4150 1734 4193 vana
1762 4129 2065 4213 superbia
2092 4128 2292 4206 ducit,

819 4238 950 4318 Qui
978 4239 1366 4305 desiderium
1394 4240 1831 4307 ludibriumve
1860 4262 2066 4307 vocor.

871 4355 893 4391 ¹
919 4358 998 4410 Cf.
1025 4358 1170 4425 Virg.
1204 4360 1303 4411 Ed.
1330 4360 1402 4411 iii.
1432 4363 1500 4413 9:
1541 4367 1578 4391 “
1594 4360 1695 4413 Sed
1722 4360 1903 4413 faciles
1931 4360 2193 4429 Nymphae
2216 4360 2429 4413 risere.”
