3181 4990
852 384 976 447 IN
1009 385 1137 447 LA
1160 384 1337 447 TIN
1371 383 1823 452 ELEGIAC
1875 385 2214 450 VERSE.
2483 400 2570 465 47

569 577 742 640 Nam
771 596 983 659 neque
1012 596 1200 640 mane
1234 597 1420 652 110110,
1451 597 1661 660 neque
1691 575 1831 640 sera
1858 577 2145 660 vesperis
2174 575 2332 641 hora

683 689 922 753 Dulcia
951 689 1264 753 sustinuit
1292 709 1546 753 cernere
1581 709 1778 774 regna
1804 689 1953 772 poli.

571 801 723 864 Nox
750 802 1038 866 medium
1068 801 1432 884 complebat
1459 802 1619 881 iter3
1666 802 1862 866 simul
1891 801 2103 866 excita
2132 821 2353 866 somno

685 915 1052 980 Nocturnas
1083 914 1268 978 audit
1295 914 1562 979 fundere
1593 890 1849 979 carmen
1878 935 2029 979 aves
2060 939 2075 978 z

573 1026 881 1090 Nondum
912 1028 1130 1092 aderat
1157 1027 1462 1103 Phoebus,
1491 1026 1649 1110 galli
1677 1044 1807 1090 vox
1835 1031 2135 1110 personat
2164 1027 2422 1090 umbras
2448 1052 2460 1091 :

689 1140 1050 1204 Sublustris
1074 1139 1399 1224 pecudum
1429 1160 1761 1202 murmura
1788 1139 2001 1203 reddit
2031 1160 2193 1223 ager.

573 1253 846 1316 Deserta
874 1253 947 1316 in
978 1253 1221 1316 somnis
1250 1253 1393 1316 visa
1423 1257 1522 1316 est
1551 1253 1691 1316 sine
1726 1253 1854 1315 fine
1882 1253 2118 1337 vagari,
2142 1337 2147 1342 .

686 1367 826 1430 Nec
857 1371 1073 1450 sperat
1101 1371 1315 1450 gratas
1345 1386 1532 1448 posse
1560 1365 1784 1430 venire
1811 1366 1987 1430 vices
2017 1371 2029 1429 1

571 1477 832 1563 Frigida
859 1499 1014 1543 mox
1043 1479 1339 1564 glaucam
1369 1477 1694 1542 ducebant
1721 1478 1987 1542 flamina
2018 1477 2249 1554 lucem,

689 1591 910 1676 Cingit
937 1591 1053 1655 ubi
1083 1592 1283 1656 solam
1303 1590 1487 1684 ‘fossa
1514 1591 1842 1655 inamoena
1870 1591 2148 1656 domum.

1174 1885 1688 1952 EXERCISE
1768 1886 1875 1950 VJ.

579 2052 884 2116 Volvitur
911 2052 1019 2116 hic
1048 2052 1254 2114 altum
1282 2052 1564 2136 pelagus,
1598 2051 1726 2136 qua
1756 2057 2040 2116 creverat
2070 2053 2287 2117 arbor:

687 2165 863 2242 Quas
894 2165 1034 2242 tibi,
1065 2165 1275 2241 Terra,
1305 2165 1530 2228 datum
1561 2170 1660 2230 est
1690 2170 1973 2248 quotque
2004 2167 2251 2230 subisse
2279 2166 2452 2230 vices
2480 2170 2493 2229 1

571 2278 717 2342 Illic
744 2277 872 2361 qua
900 2277 1188 2342 medium
1216 2298 1494 2341 marmor
1520 2278 1942 2360 requieverat,
1974 2278 2128 2341 audi

684 2390 1025 2453 Murmura
1052 2411 1168 2474 per
1195 2390 1417 2474 longas
1448 2391 1828 2453 continuata
1857 2390 2013 2454 vias,

571 2506 765 2568 Nunc
793 2504 911 2569 has
940 2524 1116 2567 nunc
1145 2503 1291 2567 illas
1322 2524 1506 2568 mons
1536 2504 1691 2587 ipse,
1723 2503 2096 2568 simillimus
2126 2504 2387 2581 umbrae,

685 2616 952 2702 Cogitur
980 2617 1052 2679 in
1079 2617 1315 2679 formas
1346 2616 1455 2692 ire,
1485 2637 1745 2682 manere
1774 2617 2004 2700 nequit
2031 2642 2044 2681 ε

571 2731 914 2813 Firmaque
945 2730 1031 2794 sit
1059 2729 1270 2805 telluS,
1299 2730 1554 2794 nebulae
1583 2730 1960 2794 dissolvitur
1986 2730 2205 2807 instar,

681 2843 986 2906 Nubibus
1016 2847 1082 2906 et
1107 2842 1331 2906 vacuis
1360 2842 1727 2907 adsimilata
1755 2844 1944 2926 perit.

569 2955 783 3037 [More
811 2954 975 3019 levis
1005 2954 1259 3018 nebulae
1289 2954 1532 3018 solidus
1563 2954 1939 3018 dissolvitur
1968 2955 2175 3033 orbis;

683 3068 874 3133 Mille
902 3067 1249 3152 figurarum
1282 3067 1520 3150 datque
1551 3067 1907 3151 adimitque
1936 3067 2154 3150 vices]

568 3181 682 3245 Me
711 3180 984 3264 propriae
1016 3179 1170 3264 (quo
1198 3180 1297 3244 fas
1327 3179 2033 3265 concedere)—somnia
2061 3179 2298 3243 mentis

682 3292 1084 3369 Mulcebunt,
1115 3292 1410 3375 quamvis
1441 3292 1692 3357 somnia
1719 3313 1871 3356 vera
1900 3297 2135 3357 tamen.
2214 3340 2219 3345 -

567 3405 694 3469 Ore
730 3412 761 3439 “
784 3389 980 3482 vale,''
1009 3405 1306 3488 quamvis
1337 3405 1576 3489 spirare
1605 3405 1873 3470 videbor
1902 3425 2206 3481 amarum,

679 3517 980 3601 Abnegat
1008 3537 1342 3585 assensum
1373 3538 1480 3581 cor
1511 3517 1875 3602 refugitque
1903 3516 2101 3599 loqui.

1147 3809 1661 3876 EXERCISE
1738 3808 1885 3872 VII.

561 3973 686 4037 Per
715 3975 1012 4039 tenebras
1047 3996 1130 4039 en
1159 3976 1274 4060 qui
1300 3976 1512 4040 rubris
1542 3976 1862 4061 spatiatur
1889 3976 2100 4041 arenis
2125 4000 2141 4055 ;

675 4086 742 4149 N
743 4107 816 4150 ec
850 4087 1151 4154 comitem
1182 4109 1397 4153 secum
1432 4090 1547 4172 qui
1577 4090 1895 4173 spatietur
1921 4089 2136 4156 habet.

559 4198 730 4263 Luce
762 4200 884 4264 sub
914 4199 1183 4264 obscura
1212 4222 1438 4266 cursus
1468 4201 1603 4287 agit
1630 4202 1743 4266 ille
1773 4221 2105 4285 perennes,

674 4311 889 4396 Major
915 4313 1031 4377 ubi
1060 4320 1126 4379 et
1149 4316 1336 4379 terris
1369 4316 1663 4399 proxima
1690 4316 1874 4379 Luna
1901 4316 2083 4380 nitet.
