3181 4990
634 421 677 486 6
808 416 1040 484 KEY
1086 417 1206 484 TO
1247 415 1964 482 PROGRESSIVE
2006 416 2587 482 EXERCISES

735 614 911 678 Voce
942 633 1091 677 suos
1124 612 1419 675 hortatur
1448 629 1647 694 equos
1677 629 1937 674 securus
1960 615 2194 686 arator,

925 724 1200 788 Sedulus
1230 728 1296 788 et
1322 723 1549 787 laetum
1579 722 1860 788 consitor
1886 728 2071 808 urget
2104 743 2265 806 opus
2295 748 2308 787 :

924 836 991 901 It
1020 842 1191 900 sator
1219 842 1286 900 et
1311 835 1538 899 laetum
1569 834 1831 900 sedulus
1860 841 2045 920 urget
2073 855 2235 918 opus
2264 858 2278 898 ε
2337 734 2379 905 }

722 949 954 1013 Fessus
990 969 1104 1032 ego
1139 949 1407 1011 nimiam
1436 947 1603 1011 duco
1630 965 1746 1031 per
1774 947 2024 1011 somnia
2048 948 2272 1024 vitam,

838 1060 1102 1125 Somnia
1129 1080 1260 1124 non
1290 1059 1427 1124 ullo
1455 1059 1841 1124 decutienda
1870 1060 1989 1124 die.

724 1173 900 1237 Hinc
929 1173 1146 1237 fulicae
1172 1172 1414 1236 ludunt
1441 1193 1571 1256 per,
1587 1191 1873 1237 summas
1896 1173 2185 1237 fluminis
2214 1173 2439 1248 undas,

838 1285 1015 1349 Hinc
1046 1284 1324 1350 calamos
1353 1285 1524 1348 inter
1550 1305 1709 1369 gens
1744 1284 2008 1348 anatina
2040 1291 2294 1368 crepat3

724 1397 990 1461 Labitur
1017 1397 1340 1461 insultans
1372 1397 1637 1461 sublimi
1664 1397 1905 1462 vertice
1937 1417 2180 1482 cygnus
2208 1423 2221 1462 ε

654 1410 695 1583 {
722 1510 961 1574 Tranat
990 1529 1189 1592 aquas
1218 1509 1469 1572 tumido
1501 1509 1799 1573 sublimis
1826 1509 2066 1574 vertice
2100 1531 2345 1595 cygnus
2373 1533 2388 1573 ε

838 1621 1128 1686 Sollicito
1161 1640 1362 1686 vexor
1385 1626 1643 1705 pectore
1672 1621 1845 1686 solus
1876 1642 2007 1705 ego,
2368 1633 2415 1666 θ

721 1848 766 1911 J
770 1866 876 1911 am
904 1846 1069 1910 redit
1099 1865 1286 1909 omne
1314 1865 1511 1929 pecus
1541 1871 1556 1910 :
1600 1847 1992 1910 clauduntur
2018 1847 2216 1912 ovilia
2250 1848 2486 1913 circum
2516 1873 2530 1913 ε

827 1957 1041 2022 -Sibila
1068 1957 1344 2041 pastoris
1374 1957 1578 2022 saltus
1609 1965 1799 2023 acuta
1826 1960 2035 2024 refert.

721 2072 900 2135 Dum
927 2070 1138 2154 rapior
1166 2088 1333 2134 caeco
1362 2089 1478 2153 per
1503 2072 1745 2136 montis
1775 2071 1963 2136 devia
1992 2093 2197 2148 cursu,

835 2183 959 2246 Ille
989 2182 1155 2245 mihi
1183 2203 1355 2247 rores
1385 2184 1617 2248 obvius
1645 2184 1818 2249 inter
1847 2184 1999 2248 adit.

721 2283 1065 2379 Quumque
1095 2295 1214 2360 sub
1241 2295 1503 2360 incertae
1533 2297 1813 2360 confinia
1841 2297 2048 2362 noctis
2078 2298 2309 2362 alauda

835 2408 1068 2493 Surgit,
1098 2408 1215 2471 ubi
1244 2407 1452 2473 multa
1480 2408 1717 2474 bellide
1748 2417 1937 2475 canet
1964 2411 2201 2476 humus
2227 2435 2244 2490 3

722 2522 911 2607 [Inde
940 2522 1057 2586 ubi
1085 2521 1411 2605 gramineo
1441 2522 1603 2605 vigil
1632 2523 1768 2586 exit
1798 2522 2031 2587 alauda
2058 2524 2274 2598 cubili,

832 2634 1180 2716 Primaque
1211 2633 1322 2697 dat
1350 2633 1564 2697 lucem
1594 2654 1714 2697 nec
1743 2639 1965 2699 tamen
1999 2642 2139 2699 orta
2166 2636 2347 2719 dies,]

716 2748 898 2811 Dum
926 2745 1103 2809 canit
1129 2745 1246 2808 illa
1275 2764 1470 2829 supra
1495 2745 1733 2809 librata
1760 2748 2185 2813 trementibus
2214 2748 2350 2824 alis,

827 2857 963 2921 Vix
983 2857 1146 2940 pede
1175 2857 1416 2921 furtivo
1447 2857 1693 2923 deferor
1720 2860 1949 2931 umbra
1976 2859 2252 2926 domum.

715 2970 809 3034 At
838 2977 930 3047 tu,
958 2971 1200 3047 bruma,
1231 2969 1384 3035 veni
1419 2970 1558 3034 diro
1587 2971 2009 3036 fremebunda
2042 2973 2348 3050 tumultu,

827 3084 914 3147 Et
943 3082 1115 3148 foliis
1145 3083 1394 3147 nudum
1423 3091 1695 3149 concute
1724 3102 1893 3149 saeva
1922 3105 2148 3151 nemus
2176 3110 2189 3149 :

718 3194 822 3259 Sic
850 3196 1103 3261 tristem
1131 3195 1304 3260 tristi
1332 3202 1556 3281 tanges
1586 3197 1929 3262 dulcedine
1958 3203 2262 3276 mentem,

828 3308 1138 3372 Luctibus
1167 3313 1244 3371 ut
1277 3308 1473 3373 tellus
1504 3309 1799 3392 adgemet
1829 3310 1974 3394 ipsa
2003 3311 2182 3376 meis.

1263 3584 1781 3653 EXERCISE
1841 3590 1921 3651 X
1937 3589 2086 3655 VII.

714 3758 924 3821 Suave
954 3756 1116 3819 mihi
1143 3754 1317 3820 ridet
1340 3756 1534 3821 vallis
1563 3756 1813 3822 declive
1842 3764 2143 3842 paternae,

825 3865 969 3945 Qua
997 3868 1216 3951 posuit
1249 3868 1437 3933 nidos
1465 3866 1707 3933 blanda
1734 3871 2033 3935 columba
2060 3891 2248 3936 suos:

713 3980 873 4058 Quae
901 3981 1186 4064 geminat
1215 3980 1433 4045 tristes
1455 3983 1652 4065 juxta
1678 4002 1824 4048 mea
1852 3984 2081 4049 limina
2110 3986 2394 4069 questus,

820 4092 1020 4156 Fallit
1049 4098 1114 4157 et
1145 4093 1434 4177 agricolae
1464 4090 1913 4179 praetereuntis
1941 4097 2081 4163 iter.

709 4203 962 4269 Interea
990 4204 1228 4271 saliens
1255 4226 1372 4289 per
1400 4209 1601 4275 densa
1630 4209 1894 4274 arbusta
1920 4211 2167 4274 sciurus

827 4317 1062 4383 Securo
1092 4318 1330 4405 gaudet
1359 4319 1580 4385 rodere
1613 4320 1807 4386 dente
1839 4341 2050 4387 nuces.
