3181 4990
743 437 867 501 IN
905 435 1031 500 LA
1054 436 1232 501 TIN
1265 435 1717 501 ELEGIAC
1772 437 2112 502 VERSE.
2389 452 2480 517 ‹17

1043 671 1558 738 EXERCISE
1603 673 1803 736 LIII.

499 810 756 896 Inclyta
783 813 1134 880 multorum
1164 837 1281 900 per
1308 816 1588 892 nomina,
1619 816 1895 892 Pontice,
1924 820 2181 899 patrum

597 924 897 990 Deducta
924 932 1023 991 est
1051 929 1121 991 in
1151 934 1216 993 te
1248 928 1422 993 linea
1452 929 1624 994 clara
1654 930 1782 993 diu.

499 1036 603 1101 Sic
631 1037 742 1101 via
770 1038 1045 1105 deducta
1073 1047 1173 1105 est
1201 1042 1506 1105 Romanis
1535 1042 1785 1124 inclyia
1813 1039 2012 1104 fabris
2036 1062 2052 1117 ;

600 1149 706 1215 Sic
734 1150 805 1214 in
835 1154 1160 1236 stagnanti
1189 1154 1381 1217 desiit
1408 1152 1525 1217 illa
1553 1154 1706 1218 luto,

1045 1372 1558 1437 EXERCISE
1604 1372 1798 1435 LIV.

496 1512 673 1576 Olim
700 1512 1010 1579 ludebant
1037 1515 1242 1580 Amor
1270 1521 1336 1580 et
1363 1536 1510 1581 mea
1539 1515 1824 1598 Cynthia
1849 1516 2000 1580 talis
2028 1541 2042 1579 ε

598 1626 789 1691 Basia
815 1626 1126 1710 persolvit
1155 1628 1372 1693 debita
1399 1628 1611 1693 victus
1641 1627 1858 1693 Amor.

498 1736 758 1821 Spicula
786 1739 1275 1824 depositumque
1302 1761 1522 1805 arcum
1553 1740 1954 1823 Venerisque
1984 1739 2328 1814 columbas,

594 1852 682 1915 Et
709 1851 963 1937 bijugas
992 1854 1233 1917 victrix
1262 1854 1554 1938 nympha
1582 1858 1864 1937 reportat
1893 1874 2058 1917 aves.

500 1962 836 2027 Ouralium
866 1964 1095 2029 infelix
1129 1985 1282 2029 mox
1314 1966 1496 2029 labra
1524 1965 1852 2029 imitantia
1871 1966 2094 2048 jactat,

598 2069 947 2159 Quae-que¹
976 2098 1122 2142 rosa
1150 2078 1469 2142 incertum
1500 2082 1601 2142 est
1631 2077 1804 2141 unde
1834 2077 1922 2141 sit
1949 2082 2088 2141 orta
2114 2077 2296 2161 genis
2325 2102 2338 2141 ε

498 2188 801 2253 Protinus
832 2193 898 2253 et
930 2190 1237 2274 geminaS‚
1267 2190 1473 2254 menti
1503 2189 1714 2267 decus„
1745 2190 1857 2255 me
1885 2189 2148 2254 lacunas

596 2301 806 2379 Ponit,
842 2308 908 2366 et
935 2304 1007 2366 in
1034 2302 1303 2386 pulchro
1335 2304 1449 2386 qui
1475 2303 1645 2367 nitet
1674 2323 1778 2367 ore
1810 2302 2025 2367 color:

365 2425 369 2429 ’
496 2414 841 2499 Depositos
871 2415 1080 2481 aufert
1107 2416 1370 2480 tandem
1400 2435 1546 2479 mea
1581 2414 1866 2500 Cynthia
1893 2416 2128 2480 ocellos
2157 2438 2170 2477 :

598 2528 928 2612 Surgitur:
974 2535 1167 2614 atque
1197 2530 1389 2594 orbus
1417 2529 1563 2593 luce
1593 2536 1864 2613 vagatur
1889 2528 2106 2594 Amor.

498 2641 615 2705 Sin
643 2645 709 2706 te
737 2641 1095 2707 luminibus
1123 2642 1487 2706 viduaverit
1514 2641 1648 2718 illa,
1681 2642 1950 2725 Cupido,

594 2754 722 2817 Dic
750 2754 932 2832 mihi,
961 2777 1065 2820 me
1093 2756 1401 2820 miserum
1431 2755 1650 2839 qualia
1679 2755 1811 2818 fata
1840 2759 2156 2819 manent?

898 2959 1434 3028 ,EXERCJSE
1479 2962 1536 3025 L
1565 2961 1783 3026 V.—L
1808 2961 1957 3025 VII.

500 3102 713 3166 Dama
741 3101 907 3164 mihi
934 3123 1239 3187 propera;
1285 3125 1401 3187 per
1426 3103 1757 3186 inhospita
1787 3109 2016 3185 tesqua
2041 3102 2348 3176 volemus,

601 3212 744 3291 Quo
773 3214 999 3279 Venus
1029 3215 1266 3279 invitat
1295 3215 1713 3299 corripiamus
1743 3215 1880 3280 iter.

500 3327 710 3391 Dama
737 3327 901 3390 mihi
928 3348 1237 3412 propera;
1283 3327 1557 3391 nimium
1588 3326 1992 3411 nimiumque
2020 3326 2298 3391 moraris,

600 3440 973 3506 Fulmineos
1004 3461 1226 3505 cursus
1253 3441 1541 3525 postulat
1570 3461 1716 3505 acer
1741 3440 1958 3505 Amor.

502 3552 901 3636 Quocunque
931 3553 1275 3637 aspicimus
1304 3554 1679 3638 nigrescunt
1705 3573 1945 3637 pascua
1965 3553 2221 3637 juncis3

600 3665 977 3730 Condiderit
1006 3665 1199 3729 citius
1230 3665 1342 3729 Sol
1368 3666 1619 3749 geniale
1641 3666 1837 3748 jubar
1864 3689 1877 3728 :

498 3777 875 3842 Lustrandae
901 3777 1087 3842 fessis
1116 3776 1299 3861 picea
1327 3778 1447 3842 sub
1477 3782 1666 3842 nocte
1694 3776 1981 3860 paludeS,

603 3890 742 3954 Nec
770 3889 1029 3974 longam
1058 3888 1286 3954 fallent
1314 3891 1599 3955 carmina
1626 3889 1808 3953 nulla
1834 3889 2024 3954 viam.

500 4089 663 4154 Haec
696 4089 903 4154 lustra
933 4091 1655 4176 exsuperant—stagnis
1683 4091 1827 4157 loca
1854 4089 2066 4155 tristia
2090 4089 2348 4166 latis,—

603 4203 937 4287 Quidquid
964 4203 1228 4269 floriferi
1261 4209 1447 4288 prata
1476 4203 1718 4270 decoris
1748 4204 2003 4268 habent.

464 4317 486 4352 ¹
510 4319 597 4414 cf&
634 4320 790 4384 Ovid,
826 4323 959 4374 Her.
1003 4323 1092 4374 vii.
1139 4325 1242 4374 10:
1294 4323 1597 4390 “Qum-que
1635 4323 1730 4374 ubi
1766 4322 1876 4374 sint
1919 4321 2100 4382 nescis,
2141 4320 2281 4372 Itala
2314 4335 2478 4386 regna

396 4405 559 4455 sequi.

1417 4498 1456 4542 B
