3181 4990
746 410 868 473 IN
903 408 1030 471 LA
1051 407 1231 472 TIN
1266 401 1716 469 ELEGIAC·
1771 403 2114 468 VERSE.

512 604 668 667 AEra
695 602 935 687 pedum
966 600 1187 685 digitis
1216 600 1316 664 bis
1347 599 1636 683 quinque
1671 598 1969 662 sonantia
1996 596 2321 680 pendent;

627 714 1111 799 Sardonychum
1140 714 1395 778 decorat
1425 711 1610 796 copia
1637 717 1977 794 utramque
2007 730 2286 774 manum.

516 830 621 894 Sic
650 829 1017 912 ubicunque
1048 847 1197 891 suos
1228 826 1518 889 inflectet
1546 825 1736 889 devia
1769 844 2008 900 cursuS‚

626 942 781 1007 Non
808 940 937 1005 nisi
958 939 1281 1023 jucundos
1312 937 1535 1003 audiet
1563 937 1681 1001 ina
1710 956 1914 1002 sonos,

845 1267 1365 1336 EXERCISE
1424 1269 1580 1331 XX
1598 1268 2083 1334 M—XXVJL

519 1464 779 1549 Frigida
805 1483 923 1546 per
950 1462 1191 1547 patrios
1214 1464 1353 1546 jam
1382 1462 1633 1545 spirant
1659 1461 1923 1524 flamina
1951 1466 2202 1525 montes
2228 1484 2244 1539 3

633 1576 943 1640 Turribus
974 1574 1231 1640 annosis
1260 1574 1611 1638 incubuere
1640 1574 1842 1640 nives,

524 1690 735 1767 Quam
765 1687 982 1771 dispar
1010 1686 1336 1770 quondam
1364 1691 1624 1769 tempus
1652 1686 1818 1749 mihi
1837 1687 2063 1770 junxit
2092 1692 2433 1762 amantem,

639 1800 783 1878 Qua
815 1820 1045 1864 nemus
1075 1804 1142 1864 et
1169 1799 1368 1882 virgis
1400 1799 1600 1863 densa
1625 1800 1879 1884 genista
1905 1776 2090 1865 viret.

528 1889 858 1997 Sparserat
884 1911 1165 1975 incultos
1194 1911 1413 1974 AEstas
1442 1909 1835 1974 nitidissima
1868 1910 2070 1987 flores,

640 2024 1061 2105 Betullas'que
1088 2023 1258 2086 inter
1286 2021 1473 2087 dulce
1502 2022 1773 2098 canebat
1802 2023 1939 2087 avis
1966 2048 1981 2087 :

525 2138 622 2202 At
649 2156 922 2221 puerum
954 2132 1140 2219 longe
1169 2155 1433 2218 rapuere
1462 2134 1534 2198 in
1562 2135 1792 2218 proelia
1817 2140 2126 2199 nostrum.

640 2250 843 2314 Venit
870 2248 1080 2313 hiems
1110 2248 1314 2324 terris,
1344 2248 1530 2311 venit
1560 2253 1629 2337 et
1654 2248 1770 2311 illa
1797 2248 1976 2313 mihi.

426 2558 433 2564 .
530 2501 769 2566 Omnia
796 2498 1095 2564 ridebant
1122 2506 1265 2563 tum
1296 2500 1672 2564 felicissima
1701 2501 1886 2566 nobis
1912 2526 1929 2581 ;

645 2613 883 2678 Omnia
910 2612 1059 2696 plus
1088 2613 1279 2677 solito
1309 2612 1648 2696 splendida
1674 2614 1832 2706 fecit
1857 2615 2074 2679 Amor.

529 2725 652 2792 Nil
679 2726 809 2790 nisi
836 2726 1019 2790 triste
1048 2727 1326 2790 fremens
1356 2726 1592 2790 Boreas
1623 2748 1797 2790 nunc
1825 2729 2120 2811 pervenit
2148 2748 2331 2793 aures
2356 2751 2402 2808 3*

643 2838 763 2904 Nil
794 2838 968 2921 quod
995 2839 1382 2922 prospiciam
1412 2838 1529 2901 nix
1558 2840 1690 2904 nisi
1717 2841 1862 2915 fusa
1889 2847 2082 2923 patet.
2287 2837 2292 2841 ’

532 2950 784 3015 Fronde
815 2956 988 3014 caret
1013 2951 1203 3016 lucus
1229 2976 1244 3015 ε
1289 2956 1537 3015 moestae
1566 2950 1801 3016 siluere
1830 2953 2124 3017 volucres
2151 2977 2164 3016 :

647 3061 1012 3127 Decutiunt
1039 3061 1255 3144 penna
1282 3066 1711 3145 praetereunte
1739 3063 1978 3129 nivem.

534 3173 737 3239 Nulla
767 3193 917 3237 suos
948 3172 1090 3236 visa
1118 3178 1215 3237 est
1243 3193 1497 3237 mecum
1527 3194 1660 3237 non
1690 3173 1878 3239 edere
1906 3182 2172 3258 questus
2201 3201 2236 3240 :-

653 3285 978 3351 Hibernos
1006 3285 1249 3368 pariter
1275 3285 1507 3350 flemus
1537 3263 1760 3353 adesse
1790 3287 1944 3354 dies.

538 3537 865 3602 Grandine
887 3538 1027 3620 jam
1057 3535 1248 3601 nivea
1276 3538 1476 3635 verrit
1496 3539 1659 3622 juga
1685 3539 2013 3624 inhospita
2042 3543 2264 3618 nubeS,

648 3649 872 3732 Atque
899 3648 972 3712 in
1000 3649 1320 3732 praecipiti
1346 3649 1544 3733 pinus
1574 3670 1774 3734 opaca
1801 3652 2062 3716 tremit:

541 3761 799 3844 Quique
828 3761 1198 3855 susurrabat
1224 3767 1361 3825 tam
1388 3762 1525 3826 leni
1552 3781 1880 3828 murmure
1909 3763 2088 3828 rivus

654 3874 849 3938 Nunc
877 3837 1148 3937 tumidis
1177 3873 1309 3938 ima
1338 3874 1507 3943 valle
1538 3876 1816 3960 remugit
1845 3877 2046 3960 aquis,

542 3985 669 4050 Sed
700 4006 833 4050 non
859 3985 1081 4049 horror
1108 4005 1306 4069 aquae,
1335 3987 1550 4051 ventis
1577 3988 1980 4054 brumalibus
2011 3997 2256 4068 auctus,

656 4097 809 4161 Non
837 4098 1071 4162 Boreas
1099 4098 1292 4162 fletus
1325 4120 1502 4163 nunc
1523 4099 1716 4183 jubet
1747 4099 1842 4165 ire
1871 4121 2045 4167 meos
2070 4126 2087 4182 ;

540 4209 715 4274 Nam
744 4208 927 4287 mihi,
957 4210 1117 4273 dum
1143 4210 1337 4274 liceat
1364 4231 1642 4294 puerum
1668 4212 1911 4278 vidisse
1938 4221 2288 4298 receptum,

658 4321 953 4386 Traxerit
984 4322 1284 4388 aestivum
1319 4323 1549 4388 bruma
1576 4325 1687 4390 vel
1715 4330 1854 4390 atra
1883 4326 2092 4392 decus,
