3181 4990
781 471 786 474 .
832 398 954 460 IN
989 399 1114 460 LA
1138 398 1315 462 TIN
1349 399 1800 465 ELEGIAC
1853 401 2193 466 VERSE.

811 695 1327 762 EXERCISE
1395 696 2201 765 CXXX-CXXXIV.

561 865 702 928 Aut
729 865 996 941 nullam,
1026 865 1275 950 Lalage,
1310 866 1560 930 nullam
1594 868 1758 931 mihi
1791 873 1977 934 necte
2009 869 2328 946 corollam,

663 979 803 1042 Aut
836 979 916 1044 de
949 980 1237 1062 cupressi
1265 1001 1436 1044 nexa
1466 980 1553 1044 sit
1581 981 1699 1045 illa
1728 983 1927 1046 comis
1956 1007 1968 1047 :

561 1090 728 1154 Lilia
754 1091 1169 1174 resplendent
1197 1091 1434 1156 nimios
1464 1092 1720 1156 incocta
1748 1073 2007 1171 nitoreS,

660 1203 953 1268 Arbutus
984 1209 1050 1268 et
1078 1204 1280 1267 nimio
1309 1205 1484 1288 picta
1515 1205 1723 1270 colore
1754 1206 1961 1270 rubet.

566 1316 802 1380 Nostro
835 1321 1005 1380 serta
1035 1322 1227 1400 caput
1259 1316 1618 1381 caltharum
1648 1318 1864 1383 laetius
1894 1324 2126 1384 ornent

663 1428 1030 1493 Pensilibus
1061 1429 1242 1493 Maio
1270 1434 1560 1512 tempore
1594 1430 1789 1495 mista
1817 1432 1979 1496 rosis
2009 1457 2023 1495 ε

567 1541 662 1604 At
687 1541 950 1617 nullam,
981 1541 1232 1625 Lalage,
1260 1542 1511 1606 nullam
1540 1543 1706 1606 mihi
1735 1549 1919 1609 necte
1950 1544 2273 1620 corollam,

663 1652 801 1718 Aut
830 1654 909 1719 de
939 1655 1224 1738 cupressi
1253 1676 1422 1719 nexa
1452 1655 1539 1719 sit
1567 1656 1685 1720 illa
1714 1658 1929 1721 comis.

570 1891 1056 1976 Euphrosynen,
1086 1893 1307 1957 faciles
1338 1914 1482 1977 quae
1511 1893 1744 1977 pandit
1772 1895 1843 1956 in
1874 1914 1980 1958 ore
2008 1894 2291 1970 lacunas,

669 2003 938 2088 Cingere
968 2004 1143 2069 felici
1172 2009 1463 2089 tempora
1491 2006 1628 2070 vite
1650 2006 1840 2089 juvet
1866 2031 1879 2070 ε

571 2117 829 2181 Fortem
856 2138 971 2201 pro
1000 2117 1212 2200 patria
1243 2118 1548 2203 dignetur
1573 2119 1863 2184 mascula
1893 2139 2184 2203 quercuS,

665 2230 918 2312 Aptum
944 2230 1230 2294 consiliis
1261 2231 1478 2295 debita
1508 2237 1700 2295 taxus
1731 2237 1917 2295 amet.

571 2341 758 2407 Adde
790 2339 963 2425 quod
993 2342 1261 2406 afflictos
1293 2344 1629 2407 confirmat
1657 2349 1909 2428 myrtus
1940 2347 2227 2407 amantes
2256 2367 2270 2419 ;

670 2455 796 2519 Sed
827 2455 906 2519 de
941 2459 1026 2533 te,
1056 2455 1307 2540 Lalage,
1337 2477 1470 2521 non
1500 2456 1665 2520 mihi
1692 2463 1945 2541 myrtus
1976 2455 2113 2521 erit.

578 2570 744 2653 Ergo
772 2569 962 2633 mitte
991 2570 1204 2634 levem
1235 2571 1422 2635 nobis
1451 2592 1788 2654 properare
1818 2571 2136 2647 corollam,

671 2682 813 2745 Aut
847 2680 926 2746 de
957 2681 1244 2764 cupressi
1273 2681 1444 2746 facta
1475 2683 1562 2747 sit
1590 2683 1707 2747 illa
1736 2683 1952 2748 comis,

574 2930 836 3015 Anglia,
866 2952 1010 3015 quae
1038 2932 1292 3015 peperit
1321 2932 1449 2996 sibi
1476 2932 1744 3015 praemia
1772 2931 2085 3015 sanguine
2112 2936 2315 3007 tanto,

673 3043 1027 3107 Exsultans
1057 3042 1185 3108 alte
1207 3045 1414 3127 jactet
1441 3050 1783 3127 utramque
1812 3063 2021 3107 rosam
2052 3066 2063 3104 :

573 3155 993 3239 Ooeruleoque
1024 3156 1194 3239 apici
1225 3155 1577 3221 Caledonia
1607 3160 1824 3219 nectat
1854 3155 2108 3231 ericam,

673 3268 760 3331 Et
788 3288 948 3351 quas
978 3274 1266 3332 rorantes
1297 3267 1427 3345 daS,
1458 3268 1827 3352 hyacinthe,
1857 3287 2084 3333 comas.

578 3380 764 3443 Flore
791 3380 946 3444 licet
974 3380 1136 3444 felix
1167 3380 1480 3445 decorarit
1509 3381 1829 3445 Hibernia
1858 3381 2135 3457 cristam,

574 3476 580 3481 ’
664 3491 807 3569 'Qui
835 3492 1004 3557 ridet
1031 3493 1260 3557 viridis
1290 3493 1516 3558 fronde
1547 3493 1987 3578 smaragdinea
2017 3520 2030 3557 z

575 3604 671 3668 At
699 3605 968 3684 nullam,
999 3606 1246 3690 Lalage,
1278 3606 1527 3669 nullam
1558 3606 1722 3669 mihi
1752 3611 1938 3669 necte
1968 3606 2287 3680 corollam,

678 3717 820 3780 Aut
850 3719 930 3782 de
961 3719 1250 3801 cupressi
1279 3739 1448 3783 nexa
1483 3718 1570 3781 sit
1597 3718 1713 3781 illa
1743 3717 1941 3781 comis

579 3977 842 4063 Raptim
870 3978 1043 4062 pelle
1073 3980 1284 4063 lyram
1315 4003 1328 4043 :
1376 3977 1643 4043 Musaeis
1672 3978 1827 4042 inde
1855 3976 2091 4061 puellae

675 4092 1122 4175 Deproperent
1150 4092 1434 4168 hederaS,
1463 4092 1633 4155 dona
1660 4092 1902 4168 decora,
1934 4091 2131 4155 comis
2162 4116 2175 4155 ε

582 4202 926 4286 Quumque
957 4204 1083 4269 sibi
1111 4205 1182 4268 in
1210 4205 1506 4269 meritam
1535 4208 1760 4289 perget
1787 4204 2034 4268 vincire
2068 4224 2364 4269 coronam

677 4316 904 4381 Victor
932 4315 1279 4401 sanguinea
1306 4316 1520 4381 laurea
1552 4321 1721 4381 serta
1748 4335 1964 4390 manu,

2455 422 2533 482 41
