3181 4990
680 424 768 502 56
853 421 1088 484 KEY
1130 420 1253 485 TO
1292 418 2012 485 PROGRESSIVE
2055 416 2636 483 EXERCISES

784 614 985 697 Siqua
1013 617 1245 677 sonant
1266 612 1461 696 juxta
1486 612 1768 677 labentis
1793 630 2126 675 murmura
2151 610 2454 695 lymphae,

880 726 1127 790 Intima
1154 731 1495 790 senserunt
1526 731 1786 809 pectora
1813 724 2002 788 dulce
2029 722 2248 788 melos,

776 837 1000 921 Atque
1026 839 1143 903 ubi
1168 838 1527 921 languescit
1554 837 1864 901 morituro
1891 836 2140 900 lumine
2168 855 2410 918 vesper,

762 985 777 997 ·
879 950 1263 1033 Sopitosque
1292 969 1475 1033 agros
1504 956 1776 1032 occupat
1804 948 1974 1012 alma
2001 948 2186 1031 quies
2210 971 2228 1027 ;

775 1062 1077 1127 Tinnitus
1105 1061 1281 1126 dulci
1307 1062 1747 1126 modulamine
1774 1061 2122 1145 perstrepit
2149 1081 2350 1137 auree,

880 1172 1025 1251 Qua
1050 1194 1264 1257 pecus.
1279 1179 1537 1258 argutos
1566 1174 1682 1238 dat
1708 1174 1931 1258 procul
1961 1194 2084 1237 aere
2111 1192 2301 1237 sonos
2332 1198 2345 1235 :

774 1284 869 1349 At
896 1286 1197 1350 veniente
1225 1286 1397 1363 licet,
1429 1306 1545 1351 seu
1573 1286 1923 1350 decedente
1951 1285 2082 1349 diei

875 1398 1166 1475 Lumine,
1198 1398 1518 1463 delectent
1547 1398 1758 1461 multa
1781 1418 2008 1461 canore
2036 1399 2228 1473 viam,

777 1502 954 1574 Una¹
983 1515 1203 1575 tamen
1230 1510 1531 1575 reducem
1558 1510 1933 1574 dulcissima
1957 1532 2287 1575 murmura
2313 1511 2618 1584 mulcent,

876 1624 1186 1708 Conjugis
1214 1630 1292 1687 ut
1318 1644 1505 1689 voces
1534 1624 1720 1688 audit
1749 1624 2024 1689 amantis
2054 1644 2291 1687 amans,

1017 1964 1528 2031 EXERCISE
1589 1967 2396 2033 XXXIV—XXXVI.

768 2156 895 2219 Illo
924 2174 1033 2220 me
1062 2154 1294 2241 Lalage
1322 2156 1713 2241 pulcerrima
1739 2159 1906 2224 fovit
1934 2179 2148 2225 amore

864 2269 1131 2333 Pectora
1161 2290 1353 2352 quem
1383 2267 1623 2334 norunt
1651 2272 1903 2349 intima,
1930 2273 2153 2357 lingua
2181 2272 2367 2337 silet:

774 2380 936 2444 Sum
964 2387 1183 2446 tamen
1216 2382 1360 2446 aeris
1391 2403 1579 2467 egens
1611 2407 1625 2447 ε
1670 2385 1974 2468 nymphae
2001 2391 2182 2469 pater
2208 2385 2349 2449 aeris
2380 2388 2674 2467 egentem

870 2493 1143 2578 Sprevit,
1175 2500 1240 2559 et
1270 2502 1304 2528 “
1328 2516 1367 2559 a
1394 2501 1614 2561 nostro
1642 2497 1924 2575 limine‚’'
1953 2497 2139 2573 dixit,
2169 2504 2205 2530 “
2227 2497 2381 2562 abi.’'

768 2604 1071 2688 Improba
1098 2608 1467 2691 Paupertas,
1495 2609 1658 2691 quid
1687 2611 1838 2694 agis,
1869 2610 2200 2675 teterrima
2226 2612 2484 2674 rerum?

864 2718 961 2782 Ut
986 2719 1111 2783 tibi
1140 2721 1466 2803 subjectus
1496 2722 1588 2786 sic
1618 2722 1966 2787 famuletur
1993 2723 2242 2787 Amor?

769 2829 983 2894 Mater
1012 2836 1147 2895 erat
1177 2838 1411 2897 nostrae
1437 2857 1450 2896 :
1501 2839 1775 2898 matrem
1800 2856 1990 2918 prece
2018 2836 2226 2900 multa
2252 2837 2590 2920 rogabam3

856 2942 1088 3026 Deque
1116 2945 1241 3009 fide
1272 2946 1454 3028 coepi,
1486 2946 1565 3010 de
1594 2947 1837 3032 pietate
1863 2947 2045 3031 loqui
2071 2973 2085 3013 :

760 3054 1029 3120 Obserat
1057 3056 1197 3120 haec
1227 3057 1451 3122 surdas
1481 3079 1683 3134 aures,
1713 3079 2071 3143 soceraeque
2099 3062 2352 3144 potenti

856 3167 1215 3252 Displicuit
1241 3171 1427 3234 tenui
1457 3171 1826 3236 conditione
1855 3193 2063 3257 gener.
2337 3155 2356 3174 '⁴

757 3377 1046 3462 Virginis
1076 3386 1143 3444 et
1170 3377 1333 3445 carae
1360 3383 1561 3448 frater
1586 3385 1752 3448 mihi
1781 3385 1967 3450 trist-e
1995 3387 2314 3469 querenti,

862 3496 897 3522 “
921 3491 1075 3555 Heu
1103 3493 1415 3569 miseret‚”
1444 3495 1596 3559 ficto
1626 3504 1986 3560 murmurat
2012 3519 2136 3574 ore,
2165 3504 2200 3530 “
2220 3499 2322 3562 tui
2349 3498 2403 3562 1”

754 3601 882 3666 Sed
909 3603 1090 3667 nullo
1120 3605 1427 3670 miserum
1455 3609 1765 3674 solamine
1788 3610 1965 3693 juvit
1993 3615 2332 3686 amantem,

850 3714 1054 3780 Sciret
1082 3737 1303 3783 amans
1334 3722 1631 3802 quamvis
1661 3722 1799 3806 ipse
1830 3722 1990 3805 quid
2018 3728 2184 3788 esset
2215 3744 2405 3788 amor.

748 3825 1053 3892 Nummis
1082 3830 1158 3892 fit
1189 3831 1446 3914 sapiens
1474 3833 1748 3910 inscitia,
1780 3835 1956 3899 fraus
1986 3835 2136 3919 pia3
2182 3857 2435 3914 canum,

848 3938 1219 4006 Dummodo
1250 3943 1386 4006 sint
1412 3946 1684 4022 nummi,
1712 3946 1926 4022 flavet,
1957 3953 2034 4010 ut
2063 3953 2231 4024 ante,
2264 3955 2473 4031 caput.

751 4049 928 4114 Hinc
958 4052 1153 4115 etiam
1182 4054 1401 4119 oculos
1429 4056 1714 4122 lacrimis
1745 4059 1989 4123 suffusa
2016 4065 2330 4143 paventes

843 4161 1033 4227 Cedit
1058 4165 1327 4228 amatori
1355 4167 1579 4260 pulcra
1607 4170 1828 4252 puella
1855 4172 2010 4236 seni.

764 4373 767 4376 .
848 4328 869 4362 ¹
905 4331 984 4382 cf.
1012 4331 1157 4400 Virg.
1185 4333 1308 4385 AEn.
1329 4333 1382 4386 ii.
1410 4337 1515 4386 426
1541 4355 1554 4388 ε
1595 4342 1629 4366 “
1647 4337 1978 4402 justissimus
2001 4356 2141 4391 unus
2167 4339 2270 4401 Qui
2295 4337 2453 4390 fuit.’'
