3181 4990
791 423 914 486 IN
948 423 1076 488 LA
1100 423 1277 485 TIN
1313 421 1763 488 ELEGIAC
1817 421 2160 485 VERSE.

537 615 665 679 Illa
686 617 902 698 jacet:
953 622 1208 700 myrtus
1242 617 1485 700 spargit
1516 636 1710 700 super
1738 635 1883 680 ossa
1912 635 2233 691 coronam,

649 728 908 792 Leniter
939 735 1016 792 ut
1044 734 1296 794 teneras
1323 729 1605 793 ventilat
1635 749 1791 794 aura
1821 748 2051 794 comas.
2106 745 2117 756 ·’

537 841 886 925 Hesperios
914 840 1085 906 inter
1112 841 1455 926 paullatim
1483 841 1699 905 tabuit
1727 841 1965 918 hortos,

651 953 906 1018 Ultima
934 954 1157 1019 festivi
1185 975 1458 1038 spesque
1489 954 1814 1046 decusque
1845 954 2039 1018 chori.
2088 1030 2099 1041 ·

541 1203 648 1268 Sic
674 1201 880 1280 hodie,
907 1203 1102 1267 viridi
1133 1203 1451 1268 colludere
1482 1209 1667 1268 sueta
1696 1204 1815 1267 sub
1844 1202 2089 1279 umbra,

648 1315 696 1378 J
698 1321 895 1378 uncta
923 1315 1147 1379 cohors
1177 1316 1520 1398 quondam,
1551 1315 1892 1380 dissociata
1914 1317 2088 1398 jacet
2114 1340 2235 1380 2—-

541 1427 700 1504 Quae
727 1428 908 1512 prius
937 1433 1087 1491 ante
1115 1427 1324 1510 pedes,
1355 1428 1593 1491 inflexo
1623 1427 1888 1511 poplite,
1917 1427 2143 1491 matris

654 1539 986 1604 Immistas
1015 1545 1233 1604 tenero
1263 1540 1546 1604 reddidit
1575 1560 1682 1604 ore
1712 1560 1933 1623 preces
1962 1565 2066 1604 :—

540 1652 904 1716 Dissociata
933 1653 1175 1730 cohors,
1204 1652 1503 1736 quamvis
1531 1653 1920 1717 hilaraverat
1950 1653 2166 1717 aulam

653 1764 934 1842 Risibus‚
965 1769 1030 1828 et
1058 1765 1342 1848 patrium
1373 1765 1653 1829 carmine
1680 1765 1832 1829 laeta
1862 1765 2115 1830 focum!
2203 1827 2214 1836 ,

541 1876 675 1941 Hei
701 1877 901 1941 mihi!
945 1877 1003 1940 si
1030 1877 1320 1941 mortalis
1349 1877 1569 1954 Amor,
1601 1877 1760 1959 quid
1791 1877 2037 1941 amasse
2058 1878 2368 1960 juvabit?

657 1988 730 2053 Si
762 1989 861 2053 nil
887 1994 1196 2072 praeterea
1222 1989 1412 2052 Terra
1440 1988 1614 2071 quod
1644 1988 1840 2053 addat
1867 1989 2080 2054 habet.

757 2333 1273 2398 EXERCISE
1332 2334 1725 2397 LXXXII.
1773 2335 2207 2400 LXXXIII.

541 2527 832 2593 Frondea
859 2528 1153 2610 populeae
1182 2527 1464 2592 cecidere
1493 2528 1871 2593 umbracula
1904 2528 2124 2606 silvae3
2180 2582 2188 2589 .

509 2626 514 2631 ’
655 2640 995 2703 Murmura
1023 2660 1137 2723 per
1163 2640 1450 2724 gelidum
1481 2641 1847 2705 conticuere
1875 2661 2119 2705 nemus.

541 2754 751 2816 Lusus
781 2753 962 2816 abest
991 2752 1289 2836 Zephyri,
1319 2753 1576 2817 frondes
1606 2773 1875 2836 posuere
1905 2772 2211 2829 susurros,

657 2864 797 2928 Nec
826 2864 1106 2948 speciem
1133 2886 1368 2941 rerum,
1396 2886 1593 2947 quam
1622 2865 1822 2948 prius,
1865 2864 1994 2931 Usa
2020 2866 2231 2930 refert.

544 2977 640 3041 Ut
667 2982 854 3040 notos
885 2978 1090 3041 saltus
1119 2977 1480 3060 dilectaque
1508 2998 1657 3039 rura
1686 2977 1900 3052 revisi,

654 3088 763 3152 Ad
798 3088 925 3152 duo
957 3094 1110 3153 sunt
1139 3109 1339 3153 annos
1369 3088 1590 3153 addita
1619 3089 1824 3152 lustra
1853 3088 1997 3153 duo.

539 3201 799 3286 Aspice,
829 3200 1076 3283 dejecte¹
1105 3222 1279 3265 nunc
1310 3201 1621 3266 sternitur
1649 3202 1881 3289 arbore·
1899 3222 2178 3285 gramen,

657 3314 744 3378 Et
771 3314 939 3377 mihi
969 3314 1081 3378 dat
1112 3314 1329 3379 sedem
1358 3335 1503 3397 quae
1531 3313 1712 3397 prius
1744 3315 1970 3378 umbra
2002 3315 2145 3379 fuit.

543 3428 588 3491 J
591 3448 696 3491 am
724 3427 950 3510 procul
983 3427 1136 3491 hinc
1165 3427 1428 3491 merulae
1457 3433 1758 3511 quaerunt
1786 3447 1955 3491 nova
1984 3432 2154 3492 tecta
2182 3429 2456 3513 fugaces,

661 3539 827 3604 Solis
855 3540 972 3603 ubi
999 3540 1212 3603 radios
1242 3540 1470 3603 umbra
1501 3539 1765 3603 colurna
1793 3539 1983 3604 levat.

548 3652 708 3729 Quae
735 3652 1034 3736 placuere
1062 3651 1261 3735 prius,
1291 3650 1513 3715 dulces
1543 3651 1777 3715 siluere
1806 3650 2099 3734 querelae,

660 3764 801 3828 Nec
829 3768 1085 3828 resonat
1111 3762 1435 3846 liquidum
1465 3784 1659 3840 nunc,
1687 3762 1871 3827 velut
1898 3768 2067 3840 ante,
2096 3762 2313 3829 melos.

549 4014 674 4079 Sed
705 4013 898 4079 celeri
925 4014 1200 4077 nimium
1232 4013 1423 4078 celeri
1451 4013 1615 4096 pede
1645 4014 1931 4096 praeterit
1959 4012 2181 4093 AEtas3

659 4126 810 4211 Ipse
839 4126 1028 4191 modo
1059 4126 1274 4190 trunci
1303 4146 1432 4209 quo
1463 4125 1747 4190 cecidere
1777 4126 2016 4189 cadam.

545 4239 812 4304 Pectora
840 4239 1225 4323 caespitibuS,
1257 4259 1410 4302 saxo
1441 4243 1639 4321 caput
1669 4242 1819 4302 ante
1847 4237 2157 4302 recondar

659 4351 871 4429 Quam
899 4352 1066 4416 silva
1095 4352 1166 4414 in
1196 4350 1386 4415 solito
1420 4371 1536 4434 par
1565 4351 1687 4415 erit
1718 4357 1857 4414 orta
1884 4350 2041 4415 loco.

2458 434 2534 501 25
